<?xml version="1.0" encoding="UTF-8"?>
<!DOCTYPE html PUBLIC "-//W3C//DTD XHTML 1.0 Transitional//EN"
    "http://www.w3.org/TR/xhtml1/DTD/xhtml1-transitional.dtd">
<html xmlns="http://www.w3.org/1999/xhtml" xml:lang="en" lang="en">
 <head>
  <title>
</title>
<meta http-equiv="Content-Type" content="text/html;charset=utf-8" />
  <meta name='ocr-system' content='tesseract 3.04.00' />
  <meta name='ocr-capabilities' content='ocr_page ocr_carea ocr_par ocr_line ocrx_word'/>
</head>
<body>
  <div class='ocr_page' id='page_1' title='image "./lannsenecparspr00bouigoog_0682.png"; bbox 0 0 2894 4784; ppageno 0'>
   <div class='ocr_carea' id='block_1_1' title="bbox 217 325 1049 467">
    <p class='ocr_par' dir='ltr' id='par_1_1' title="bbox 217 325 1049 467">
     <span class='ocr_line' id='line_1_1' title="bbox 217 325 1049 467; baseline -0.016 -21"><span class='ocrx_word' id='word_1_1' title='bbox 217 437 219 446; x_wconf 87' lang='grc'><em>,</em></span> <span class='ocrx_word' id='word_1_2' title='bbox 305 379 370 467; x_wconf 50' lang='grc' dir='ltr'><strong>67η</strong></span> <span class='ocrx_word' id='word_1_3' title='bbox 632 371 678 436; x_wconf 81' lang='lat' dir='ltr'><strong>u.</strong></span> <span class='ocrx_word' id='word_1_4' title='bbox 699 325 849 436; x_wconf 52' lang='lat' dir='ltr'><strong>&#39;mum</strong></span> <span class='ocrx_word' id='word_1_5' title='bbox 873 365 1049 436; x_wconf 73' lang='lat' dir='ltr'><strong>seusun</strong></span> 
     </span>
    </p>
   </div>
   <div class='ocr_carea' id='block_1_2' title="bbox 302 491 1381 3118">
    <p class='ocr_par' dir='ltr' id='par_1_2' title="bbox 302 491 1381 1492">
     <span class='ocr_line' id='line_1_2' title="bbox 305 491 1381 592; baseline -0.013 -18"><span class='ocrx_word' id='word_1_6' title='bbox 305 492 478 574; x_wconf 76' lang='lat' dir='ltr'><strong>insectatio</strong></span> <span class='ocrx_word' id='word_1_7' title='bbox 503 517 691 592; x_wconf 90' lang='lat' dir='ltr'><strong>temporum</strong></span> <span class='ocrx_word' id='word_1_8' title='bbox 716 497 802 579; x_wconf 75' lang='lat' dir='ltr'><strong>luit3</strong></span> <span class='ocrx_word' id='word_1_9' title='bbox 831 493 955 562; x_wconf 87' lang='lat' dir='ltr'><strong>deiude</strong></span> <span class='ocrx_word' id='word_1_10' title='bbox 980 491 1193 561; x_wconf 88' lang='lat' dir='ltr'><strong>moriendum</strong></span> <span class='ocrx_word' id='word_1_11' title='bbox 1216 510 1296 562; x_wconf 85' lang='lat' dir='ltr'><strong>est:</strong></span> <span class='ocrx_word' id='word_1_12' title='bbox 1317 494 1381 560; x_wconf 87' lang='lat' dir='ltr'><strong>illc</strong></span> 
     </span>
     <span class='ocr_line' id='line_1_3' title="bbox 302 609 1375 707; baseline -0.013 -19"><span class='ocrx_word' id='word_1_13' title='bbox 302 621 425 702; x_wconf 87' lang='lat' dir='ltr'><strong>enim¹,</strong></span> <span class='ocrx_word' id='word_1_14' title='bbox 445 641 481 684; x_wconf 88' lang='lat' dir='ltr'><strong>se</strong></span> <span class='ocrx_word' id='word_1_15' title='bbox 497 639 557 683; x_wconf 87' lang='lat' dir='ltr'><strong>sua</strong></span> <span class='ocrx_word' id='word_1_16' title='bbox 572 630 690 707; x_wconf 89' lang='lat' dir='ltr'><strong>sponte</strong></span> <span class='ocrx_word' id='word_1_17' title='bbox 707 612 906 689; x_wconf 86' lang='lat' dir='ltr'><strong>conficeret,</strong></span> <span class='ocrx_word' id='word_1_18' title='bbox 927 609 1008 702; x_wconf 82' lang='lat' dir='ltr'><strong>quin</strong></span> <span class='ocrx_word' id='word_1_19' title='bbox 1026 609 1239 677; x_wconf 88' lang='lat' dir='ltr'><strong>moriendum</strong></span> <span class='ocrx_word' id='word_1_20' title='bbox 1256 625 1354 676; x_wconf 77' lang='lat' dir='ltr'><strong>esset</strong></span> <span class='ocrx_word' id='word_1_21' title='bbox 1364 660 1375 692; x_wconf 91' lang='lat'>,</span> 
     </span>
     <span class='ocr_line' id='line_1_4' title="bbox 306 721 1377 815; baseline -0.01 -14"><span class='ocrx_word' id='word_1_22' title='bbox 306 734 406 801; x_wconf 82' lang='lat' dir='ltr'><strong>ctiam</strong></span> <span class='ocrx_word' id='word_1_23' title='bbox 424 730 452 796; x_wconf 89' lang='lat' dir='ltr'><strong>si</strong></span> <span class='ocrx_word' id='word_1_24' title='bbox 470 727 556 798; x_wconf 91' lang='lat' dir='ltr'><strong>mori</strong></span> <span class='ocrx_word' id='word_1_25' title='bbox 581 725 743 794; x_wconf 85' lang='lat' dir='ltr'><strong>uoluisset</strong></span> <span class='ocrx_word' id='word_1_26' title='bbox 765 750 773 790; x_wconf 91' lang='lat'>:</span> <span class='ocrx_word' id='word_1_27' title='bbox 798 745 918 815; x_wconf 80' lang='lat' dir='ltr'><strong>graves</strong></span> <span class='ocrx_word' id='word_1_28' title='bbox 936 721 1090 790; x_wconf 91' lang='lat' dir='ltr'><strong>odiorum</strong></span> <span class='ocrx_word' id='word_1_29' title='bbox 1109 745 1227 790; x_wconf 77' lang='lat' dir='ltr'><strong>causus</strong></span> <span class='ocrx_word' id='word_1_30' title='bbox 1246 726 1260 754; x_wconf 84' lang='lat'><strong>¹</strong></span> <span class='ocrx_word' id='word_1_31' title='bbox 1273 745 1377 790; x_wconf 84' lang='lat' dir='ltr'><strong>csse:</strong></span> 
     </span>
     <span class='ocr_line' id='line_1_5' title="bbox 308 838 1375 933; baseline -0.011 -19"><span class='ocrx_word' id='word_1_32' title='bbox 308 847 480 926; x_wconf 62' lang='lat' dir='ltr'><strong>marimum</strong></span> <span class='ocrx_word' id='word_1_33' title='bbox 497 865 629 912; x_wconf 83' lang='lat' dir='ltr'><strong>causum</strong></span> <span class='ocrx_word' id='word_1_34' title='bbox 652 839 907 933; x_wconf 70' lang='lat' dir='ltr'>proscriptionis</span> <span class='ocrx_word' id='word_1_35' title='bbox 931 839 1043 931; x_wconf 88' lang='lat' dir='ltr'><strong>ipsum</strong></span> <span class='ocrx_word' id='word_1_36' title='bbox 1066 861 1140 906; x_wconf 88' lang='lat' dir='ltr'><strong>esse</strong></span> <span class='ocrx_word' id='word_1_37' title='bbox 1157 838 1375 905; x_wconf 84' lang='lat' dir='ltr'><strong>Ciceronem.</strong></span> 
     </span>
     <span class='ocr_line' id='line_1_6' title="bbox 308 950 1379 1035; baseline -0.012 -6"><span class='ocrx_word' id='word_1_38' title='bbox 308 966 351 1030; x_wconf 87' lang='lat' dir='ltr'><strong>Et</strong></span> <span class='ocrx_word' id='word_1_39' title='bbox 367 959 459 1028; x_wconf 87' lang='lat' dir='ltr'><strong>solus</strong></span> <span class='ocrx_word' id='word_1_40' title='bbox 471 982 510 1026; x_wconf 87' lang='lat' dir='ltr'><strong>cx</strong></span> <span class='ocrx_word' id='word_1_41' title='bbox 524 953 807 1034; x_wconf 76' lang='lat' dir='ltr'><strong>declamatoribus</strong></span> <span class='ocrx_word' id='word_1_42' title='bbox 823 953 965 1020; x_wconf 78' lang='lat' dir='ltr'><strong>tentavit</strong></span> <span class='ocrx_word' id='word_1_43' title='bbox 977 950 1104 1035; x_wconf 81' lang='lat' dir='ltr'><strong>dicere,</strong></span> <span class='ocrx_word' id='word_1_44' title='bbox 1121 976 1193 1019; x_wconf 92' lang='lat' dir='ltr'><strong>uon</strong></span> <span class='ocrx_word' id='word_1_45' title='bbox 1206 975 1314 1020; x_wconf 90' lang='lat' dir='ltr'><strong>uuum</strong></span> <span class='ocrx_word' id='word_1_46' title='bbox 1331 952 1379 1018; x_wconf 89' lang='lat' dir='ltr'><strong>illi</strong></span> 
     </span>
     <span class='ocr_line' id='line_1_7' title="bbox 310 1068 1377 1146; baseline -0.011 -2"><span class='ocrx_word' id='word_1_47' title='bbox 310 1101 383 1146; x_wconf 85' lang='lat' dir='ltr'><strong>esse</strong></span> <span class='ocrx_word' id='word_1_48' title='bbox 395 1074 581 1144; x_wconf 84' lang='lat' dir='ltr'><strong>Antonium</strong></span> <span class='ocrx_word' id='word_1_49' title='bbox 594 1071 767 1141; x_wconf 76' lang='lat' dir='ltr'><strong>infestum.</strong></span> <span class='ocrx_word' id='word_1_50' title='bbox 781 1071 854 1138; x_wconf 86' lang='lat' dir='ltr'><strong>lloc</strong></span> <span class='ocrx_word' id='word_1_51' title='bbox 866 1069 941 1137; x_wconf 94' lang='lat' dir='ltr'><strong>loco</strong></span> <span class='ocrx_word' id='word_1_52' title='bbox 952 1068 1037 1136; x_wconf 78' lang='lat' dir='ltr'><strong>dixit</strong></span> <span class='ocrx_word' id='word_1_53' title='bbox 1046 1069 1137 1136; x_wconf 85' lang='lat' dir='ltr'><strong>illam</strong></span> <span class='ocrx_word' id='word_1_54' title='bbox 1153 1069 1377 1136; x_wconf 83' lang='lat' dir='ltr'><strong>seutentiam:</strong></span> 
     </span>
     <span class='ocr_line' id='line_1_8' title="bbox 311 1182 1378 1278; baseline -0.012 -16"><span class='ocrx_word' id='word_1_55' title='bbox 311 1193 347 1262; x_wconf 90' lang='lat' dir='ltr'><strong>Si</strong></span> <span class='ocrx_word' id='word_1_56' title='bbox 365 1191 421 1258; x_wconf 90' lang='lat' dir='ltr'><strong>cui</strong></span> <span class='ocrx_word' id='word_1_57' title='bbox 439 1213 478 1258; x_wconf 75' lang='lat' dir='ltr'><strong>ex</strong></span> <span class='ocrx_word' id='word_1_58' title='bbox 499 1187 684 1258; x_wconf 88' lang='lat' dir='ltr'><strong>triumviris</strong></span> <span class='ocrx_word' id='word_1_59' title='bbox 707 1210 776 1253; x_wconf 93' lang='lat' dir='ltr'><strong>non</strong></span> <span class='ocrx_word' id='word_1_60' title='bbox 804 1209 841 1253; x_wconf 86' lang='lat' dir='ltr'><strong>es</strong></span> <span class='ocrx_word' id='word_1_61' title='bbox 865 1186 1016 1266; x_wconf 84' lang='lat' dir='ltr'><strong>invisus,</strong></span> <span class='ocrx_word' id='word_1_62' title='bbox 1040 1185 1154 1278; x_wconf 78' lang='lat' dir='ltr'><strong>giuvis</strong></span> <span class='ocrx_word' id='word_1_63' title='bbox 1175 1208 1226 1250; x_wconf 85' lang='lat' dir='ltr'><strong>cs.</strong></span> <span class='ocrx_word' id='word_1_64' title='bbox 1252 1186 1299 1250; x_wconf 89' lang='lat' dir='ltr'><strong>Et</strong></span> <span class='ocrx_word' id='word_1_65' title='bbox 1324 1182 1378 1250; x_wconf 84' lang='lat' dir='ltr'><strong>ills</strong></span> 
     </span>
     <span class='ocr_line' id='line_1_9' title="bbox 313 1301 1376 1396; baseline -0.007 -21"><span class='ocrx_word' id='word_1_66' title='bbox 313 1308 478 1376; x_wconf 82' lang='lat' dir='ltr'><strong>sententia</strong></span> <span class='ocrx_word' id='word_1_67' title='bbox 496 1303 595 1373; x_wconf 85' lang='lat' dir='ltr'><strong>valde</strong></span> <span class='ocrx_word' id='word_1_68' title='bbox 611 1319 748 1396; x_wconf 85' lang='lat' dir='ltr'><strong>excepta</strong></span> <span class='ocrx_word' id='word_1_69' title='bbox 766 1318 815 1370; x_wconf 87' lang='lat' dir='ltr'><strong>est</strong></span> <span class='ocrx_word' id='word_1_70' title='bbox 831 1329 840 1370; x_wconf 82' lang='lat' dir='ltr'><strong>s</strong></span> <span class='ocrx_word' id='word_1_71' title='bbox 855 1304 971 1395; x_wconf 82' lang='lat' dir='ltr'><strong>Roga,</strong></span> <span class='ocrx_word' id='word_1_72' title='bbox 989 1301 1241 1386; x_wconf 82' lang='lat' dir='ltr'><strong>Cicero,·cxora</strong></span> <span class='ocrx_word' id='word_1_73' title='bbox 1255 1325 1376 1384; x_wconf 88' lang='lat' dir='ltr'><strong>uuum,</strong></span> 
     </span>
     <span class='ocr_line' id='line_1_10' title="bbox 313 1421 633 1492; baseline -0.019 0"><span class='ocrx_word' id='word_1_74' title='bbox 313 1440 352 1492; x_wconf 88' lang='lat' dir='ltr'><strong>ut</strong></span> <span class='ocrx_word' id='word_1_75' title='bbox 369 1421 477 1490; x_wconf 86' lang='lat' dir='ltr'><strong>tribus</strong></span> <span class='ocrx_word' id='word_1_76' title='bbox 494 1421 633 1488; x_wconf 80' lang='lat' dir='ltr'><strong>servias.</strong></span> 
     </span>
    </p>

    <p class='ocr_par' dir='ltr' id='par_1_3' title="bbox 304 1533 1379 2530">
     <span class='ocr_line' id='line_1_11' title="bbox 363 1533 1375 1624; baseline -0.012 -16"><span class='ocrx_word' id='word_1_77' title='bbox 363 1540 497 1608; x_wconf 81' lang='lat' dir='ltr'><strong>Cusurus</strong></span> <span class='ocrx_word' id='word_1_78' title='bbox 514 1537 563 1604; x_wconf 84' lang='lat' dir='ltr'><strong>sic</strong></span> <span class='ocrx_word' id='word_1_79' title='bbox 580 1534 696 1603; x_wconf 89' lang='lat' dir='ltr'><strong>divisit</strong></span> <span class='ocrx_word' id='word_1_80' title='bbox 715 1561 723 1602; x_wconf 74' lang='grc' dir='ltr'><strong>ε</strong></span> <span class='ocrx_word' id='word_1_81' title='bbox 741 1534 830 1601; x_wconf 90' lang='lat' dir='ltr'><strong>Mori</strong></span> <span class='ocrx_word' id='word_1_82' title='bbox 848 1533 910 1600; x_wconf 91' lang='lat' dir='ltr'><strong>tibi</strong></span> <span class='ocrx_word' id='word_1_83' title='bbox 929 1533 1013 1600; x_wconf 85' lang='lat' dir='ltr'><strong>utile</strong></span> <span class='ocrx_word' id='word_1_84' title='bbox 1029 1549 1097 1624; x_wconf 75' lang='lat' dir='ltr'><strong>est,</strong></span> <span class='ocrx_word' id='word_1_85' title='bbox 1115 1533 1300 1600; x_wconf 84' lang='lat' dir='ltr'><strong>honestum</strong></span> <span class='ocrx_word' id='word_1_86' title='bbox 1313 1546 1375 1616; x_wconf 81' lang='lat' dir='ltr'><strong>est,</strong></span> 
     </span>
     <span class='ocr_line' id='line_1_12' title="bbox 316 1644 1379 1739; baseline -0.008 -20"><span class='ocrx_word' id='word_1_87' title='bbox 316 1673 453 1720; x_wconf 84' lang='lat' dir='ltr'><strong>necesse</strong></span> <span class='ocrx_word' id='word_1_88' title='bbox 471 1664 538 1730; x_wconf 86' lang='lat' dir='ltr'><strong>est,</strong></span> <span class='ocrx_word' id='word_1_89' title='bbox 557 1665 596 1716; x_wconf 89' lang='lat' dir='ltr'><strong>ut</strong></span> <span class='ocrx_word' id='word_1_90' title='bbox 612 1647 701 1716; x_wconf 91' lang='lat' dir='ltr'><strong>liber</strong></span> <span class='ocrx_word' id='word_1_91' title='bbox 714 1661 747 1714; x_wconf 91' lang='lat' dir='ltr'><strong>et</strong></span> <span class='ocrx_word' id='word_1_92' title='bbox 763 1645 900 1714; x_wconf 86' lang='lat' dir='ltr'><strong>illibatae</strong></span> <span class='ocrx_word' id='word_1_93' title='bbox 915 1645 1090 1738; x_wconf 80' lang='lat' dir='ltr'><strong>dignitatis</strong></span> <span class='ocrx_word' id='word_1_94' title='bbox 1106 1667 1320 1739; x_wconf 70' lang='lat' dir='ltr'><strong>consummes</strong></span> <span class='ocrx_word' id='word_1_95' title='bbox 1332 1644 1379 1712; x_wconf 81' lang='lat' dir='ltr'><strong>vi-</strong></span> 
     </span>
     <span class='ocr_line' id='line_1_13' title="bbox 318 1761 1379 1837; baseline -0.008 -1"><span class='ocrx_word' id='word_1_96' title='bbox 318 1785 398 1837; x_wconf 83' lang='lat' dir='ltr'><strong>tum.</strong></span> <span class='ocrx_word' id='word_1_97' title='bbox 418 1769 484 1835; x_wconf 92' lang='lat' dir='ltr'><strong>Hic</strong></span> <span class='ocrx_word' id='word_1_98' title='bbox 504 1766 596 1833; x_wconf 84' lang='lat' dir='ltr'><strong>illam</strong></span> <span class='ocrx_word' id='word_1_99' title='bbox 614 1766 812 1833; x_wconf 81' lang='lat' dir='ltr'><strong>senteutiam</strong></span> <span class='ocrx_word' id='word_1_100' title='bbox 830 1763 913 1830; x_wconf 84' lang='lat' dir='ltr'><strong>dixit</strong></span> <span class='ocrx_word' id='word_1_101' title='bbox 932 1763 1092 1832; x_wconf 80' lang='lat' dir='ltr'><strong>audacem</strong></span> <span class='ocrx_word' id='word_1_102' title='bbox 1110 1789 1118 1830; x_wconf 91' lang='lat'>:</span> <span class='ocrx_word' id='word_1_103' title='bbox 1134 1766 1182 1832; x_wconf 91' lang='lat' dir='ltr'><strong>Ut</strong></span> <span class='ocrx_word' id='word_1_104' title='bbox 1196 1761 1379 1831; x_wconf 84' lang='lat' dir='ltr'><strong>numereris</strong></span> 
     </span>
     <span class='ocr_line' id='line_1_14' title="bbox 318 1876 1377 1974; baseline -0.009 -18"><span class='ocrx_word' id='word_1_105' title='bbox 318 1909 395 1956; x_wconf 90' lang='lat' dir='ltr'><strong>cum</strong></span> <span class='ocrx_word' id='word_1_106' title='bbox 412 1885 539 1954; x_wconf 88' lang='lat' dir='ltr'><strong>Catone</strong></span> <span class='ocrx_word' id='word_1_107' title='bbox 551 1876 578 1966; x_wconf 77' lang='lat'><strong>⁵,</strong></span> <span class='ocrx_word' id='word_1_108' title='bbox 605 1883 664 1974; x_wconf 94' lang='lat' dir='ltr'><strong>qui</strong></span> <span class='ocrx_word' id='word_1_109' title='bbox 681 1882 809 1950; x_wconf 84' lang='lat' dir='ltr'><strong>servire</strong></span> <span class='ocrx_word' id='word_1_110' title='bbox 827 1903 890 1948; x_wconf 88' lang='lat' dir='ltr'><strong>nec</strong></span> <span class='ocrx_word' id='word_1_111' title='bbox 913 1881 1060 1950; x_wconf 76' lang='lat' dir='ltr'><strong>Antonio</strong></span> <span class='ocrx_word' id='word_1_112' title='bbox 1078 1879 1218 1974; x_wconf 83' lang='lat' dir='ltr'><strong>quidem</strong></span> <span class='ocrx_word' id='word_1_113' title='bbox 1235 1877 1377 1948; x_wconf 86' lang='lat' dir='ltr'><strong>nondum</strong></span> 
     </span>
     <span class='ocr_line' id='line_1_15' title="bbox 320 1983 622 2090; baseline -0.02 -22"><span class='ocrx_word' id='word_1_114' title='bbox 320 1999 456 2068; x_wconf 91' lang='lat' dir='ltr'><strong>domino</strong></span> <span class='ocrx_word' id='word_1_115' title='bbox 471 1996 595 2090; x_wconf 90' lang='lat' dir='ltr'><strong>potuit.</strong></span> <span class='ocrx_word' id='word_1_116' title='bbox 616 1983 622 1993; x_wconf 51' lang='lat'>⁸</span> 
     </span>
     <span class='ocr_line' id='line_1_16' title="bbox 304 2098 1379 2202; baseline -0.002 -22"><span class='ocrx_word' id='word_1_117' title='bbox 304 2098 307 2104; x_wconf 40' lang='lat'><strong><em>¹</em></strong></span> <span class='ocrx_word' id='word_1_118' title='bbox 368 2116 564 2180; x_wconf 71' lang='lat' dir='ltr'><strong>Menoeceus</strong></span> <span class='ocrx_word' id='word_1_119' title='bbox 574 2109 667 2177; x_wconf 90' lang='lat' dir='ltr'><strong>hunc</strong></span> <span class='ocrx_word' id='word_1_120' title='bbox 680 2132 814 2177; x_wconf 89' lang='lat' dir='ltr'><strong>sensum</strong></span> <span class='ocrx_word' id='word_1_121' title='bbox 828 2108 873 2177; x_wconf 85' lang='lat' dir='ltr'><strong>de</strong></span> <span class='ocrx_word' id='word_1_122' title='bbox 885 2109 1013 2178; x_wconf 85' lang='lat' dir='ltr'><strong>Catone</strong></span> <span class='ocrx_word' id='word_1_123' title='bbox 1024 2109 1143 2178; x_wconf 90' lang='lat' dir='ltr'><strong>melius</strong></span> <span class='ocrx_word' id='word_1_124' title='bbox 1156 2112 1291 2202; x_wconf 82' lang='lat' dir='ltr'><strong>:Usque</strong></span> <span class='ocrx_word' id='word_1_125' title='bbox 1302 2133 1379 2178; x_wconf 87' lang='lat' dir='ltr'><strong>conc</strong></span> 
     </span>
     <span class='ocr_line' id='line_1_17' title="bbox 322 2223 1377 2319; baseline -0.004 -23"><span class='ocrx_word' id='word_1_126' title='bbox 322 2229 434 2296; x_wconf 85' lang='lat' dir='ltr'><strong>omnia</strong></span> <span class='ocrx_word' id='word_1_127' title='bbox 448 2249 523 2293; x_wconf 90' lang='lat' dir='ltr'><strong>cum</strong></span> <span class='ocrx_word' id='word_1_128' title='bbox 538 2223 671 2292; x_wconf 85' lang='lat' dir='ltr'><strong>fortuna</strong></span> <span class='ocrx_word' id='word_1_129' title='bbox 687 2223 806 2319; x_wconf 90' lang='lat' dir='ltr'><strong>populi</strong></span> <span class='ocrx_word' id='word_1_130' title='bbox 821 2225 967 2293; x_wconf 84' lang='lat' dir='ltr'><strong>Romani</strong></span> <span class='ocrx_word' id='word_1_131' title='bbox 981 2248 1143 2294; x_wconf 82' lang='lat' dir='ltr'><strong>conversa</strong></span> <span class='ocrx_word' id='word_1_132' title='bbox 1157 2241 1256 2307; x_wconf 89' lang='lat' dir='ltr'><strong>sunt,</strong></span> <span class='ocrx_word' id='word_1_133' title='bbox 1271 2242 1308 2294; x_wconf 95' lang='lat' dir='ltr'><strong>ut</strong></span> <span class='ocrx_word' id='word_1_134' title='bbox 1320 2224 1377 2294; x_wconf 81' lang='lat' dir='ltr'><strong>nli·</strong></span> 
     </span>
     <span class='ocr_line' id='line_1_18' title="bbox 323 2343 1377 2440; baseline -0.002 -26"><span class='ocrx_word' id='word_1_135' title='bbox 323 2347 399 2440; x_wconf 91' lang='lat' dir='ltr'><strong>quis</strong></span> <span class='ocrx_word' id='word_1_136' title='bbox 416 2343 600 2430; x_wconf 80' lang='lat' dir='ltr'><strong>deliberet,</strong></span> <span class='ocrx_word' id='word_1_137' title='bbox 620 2357 733 2411; x_wconf 92' lang='lat' dir='ltr'><strong>utrum</strong></span> <span class='ocrx_word' id='word_1_138' title='bbox 753 2344 856 2412; x_wconf 80' lang='lat' dir='ltr'><strong>sotius</strong></span> <span class='ocrx_word' id='word_1_139' title='bbox 872 2345 916 2412; x_wconf 91' lang='lat' dir='ltr'><strong>sit</strong></span> <span class='ocrx_word' id='word_1_140' title='bbox 932 2346 1048 2414; x_wconf 82' lang='lat' dir='ltr'><strong>vivere</strong></span> <span class='ocrx_word' id='word_1_141' title='bbox 1064 2369 1140 2412; x_wconf 90' lang='lat' dir='ltr'><strong>cum</strong></span> <span class='ocrx_word' id='word_1_142' title='bbox 1155 2345 1321 2428; x_wconf 77' lang='lat' dir='ltr'><strong>Antonio,</strong></span> <span class='ocrx_word' id='word_1_143' title='bbox 1339 2367 1377 2412; x_wconf 83' lang='lat' dir='ltr'><strong>sn</strong></span> 
     </span>
     <span class='ocr_line' id='line_1_19' title="bbox 324 2459 670 2530; baseline -0.014 1"><span class='ocrx_word' id='word_1_144' title='bbox 324 2461 410 2530; x_wconf 91' lang='lat' dir='ltr'><strong>mori</strong></span> <span class='ocrx_word' id='word_1_145' title='bbox 427 2482 501 2527; x_wconf 91' lang='lat' dir='ltr'><strong>cum</strong></span> <span class='ocrx_word' id='word_1_146' title='bbox 519 2459 670 2526; x_wconf 81' lang='lat' dir='ltr'><strong>Catone?</strong></span> 
     </span>
    </p>

    <p class='ocr_par' dir='ltr' id='par_1_4' title="bbox 326 2572 1379 3118">
     <span class='ocr_line' id='line_1_20' title="bbox 373 2572 1375 2654; baseline -0.003 -9"><span class='ocrx_word' id='word_1_147' title='bbox 373 2573 442 2645; x_wconf 89' lang='lat' dir='ltr'><strong>Sed</strong></span> <span class='ocrx_word' id='word_1_148' title='bbox 457 2572 501 2641; x_wconf 86' lang='lat' dir='ltr'><strong>ud</strong></span> <span class='ocrx_word' id='word_1_149' title='bbox 516 2572 714 2641; x_wconf 87' lang='lat' dir='ltr'><strong>divisionem</strong></span> <span class='ocrx_word' id='word_1_150' title='bbox 730 2573 842 2641; x_wconf 82' lang='lat' dir='ltr'><strong>Cnsru</strong></span> <span class='ocrx_word' id='word_1_151' title='bbox 857 2590 1076 2643; x_wconf 82' lang='lat' dir='ltr'><strong>revertamur.</strong></span> <span class='ocrx_word' id='word_1_152' title='bbox 1095 2576 1188 2643; x_wconf 84' lang='lat' dir='ltr'>Dixit</span> <span class='ocrx_word' id='word_1_153' title='bbox 1200 2575 1287 2643; x_wconf 88' lang='lat' dir='ltr'><strong>utile</strong></span> <span class='ocrx_word' id='word_1_154' title='bbox 1299 2595 1375 2654; x_wconf 84' lang='lat' dir='ltr'><strong>esse,</strong></span> 
     </span>
     <span class='ocr_line' id='line_1_21' title="bbox 326 2689 1375 2784; baseline -0.003 -26"><span class='ocrx_word' id='word_1_155' title='bbox 326 2714 369 2760; x_wconf 92' lang='lat' dir='ltr'><strong>ne</strong></span> <span class='ocrx_word' id='word_1_156' title='bbox 386 2690 485 2757; x_wconf 83' lang='lat' dir='ltr'><strong>etism</strong></span> <span class='ocrx_word' id='word_1_157' title='bbox 498 2691 668 2756; x_wconf 85' lang='lat' dir='ltr'><strong>cruciatus</strong></span> <span class='ocrx_word' id='word_1_158' title='bbox 680 2689 833 2781; x_wconf 84' lang='lat' dir='ltr'><strong>corporis</strong></span> <span class='ocrx_word' id='word_1_159' title='bbox 842 2704 1016 2782; x_wconf 79' lang='lat' dir='ltr'><strong>pateretur</strong></span> <span class='ocrx_word' id='word_1_160' title='bbox 1028 2717 1037 2758; x_wconf 68' lang='grc' dir='ltr'>ε</span> <span class='ocrx_word' id='word_1_161' title='bbox 1048 2713 1118 2759; x_wconf 88' lang='lat' dir='ltr'><strong>non</strong></span> <span class='ocrx_word' id='word_1_162' title='bbox 1131 2690 1278 2784; x_wconf 77' lang='lat' dir='ltr'><strong>simplici</strong></span> <span class='ocrx_word' id='word_1_163' title='bbox 1292 2689 1375 2756; x_wconf 89' lang='lat' dir='ltr'><strong>illum</strong></span> 
     </span>
     <span class='ocr_line' id='line_1_22' title="bbox 327 2801 1378 2896; baseline -0.001 -23"><span class='ocrx_word' id='word_1_164' title='bbox 327 2803 427 2874; x_wconf 90' lang='lat' dir='ltr'><strong>modo</strong></span> <span class='ocrx_word' id='word_1_165' title='bbox 444 2803 650 2896; x_wconf 82' lang='lat' dir='ltr'><strong>periturum,</strong></span> <span class='ocrx_word' id='word_1_166' title='bbox 675 2803 705 2869; x_wconf 88' lang='lat' dir='ltr'><strong>si</strong></span> <span class='ocrx_word' id='word_1_167' title='bbox 724 2802 760 2867; x_wconf 92' lang='lat' dir='ltr'><strong>iu</strong></span> <span class='ocrx_word' id='word_1_168' title='bbox 772 2801 917 2871; x_wconf 72' lang='lat' dir='ltr'><strong>¹Antonii</strong></span> <span class='ocrx_word' id='word_1_169' title='bbox 940 2829 1058 2874; x_wconf 81' lang='lat' dir='ltr'><strong>manus</strong></span> <span class='ocrx_word' id='word_1_170' title='bbox 1083 2805 1281 2892; x_wconf 81' lang='lat' dir='ltr'><strong>incidisset3</strong></span> <span class='ocrx_word' id='word_1_171' title='bbox 1299 2806 1378 2874; x_wconf 87' lang='lat' dir='ltr'><strong>etin</strong></span> 
     </span>
     <span class='ocr_line' id='line_1_23' title="bbox 327 2901 1377 3008; baseline 0.002 -21"><span class='ocrx_word' id='word_1_172' title='bbox 327 2920 392 2987; x_wconf 90' lang='lat' dir='ltr'><strong>hac</strong></span> <span class='ocrx_word' id='word_1_173' title='bbox 400 2933 495 3008; x_wconf 85' lang='lat' dir='ltr'><strong>parte</strong></span> <span class='ocrx_word' id='word_1_174' title='bbox 503 2941 606 3006; x_wconf 91' lang='lat' dir='ltr'><strong>quum</strong></span> <span class='ocrx_word' id='word_1_175' title='bbox 616 2901 849 3008; x_wconf 74' lang='lat' dir='ltr'><strong>descripsisset</strong></span> <span class='ocrx_word' id='word_1_176' title='bbox 860 2916 1319 2988; x_wconf 78' lang='lat' dir='ltr'><strong>contumeliosiusultnntium</strong></span> <span class='ocrx_word' id='word_1_177' title='bbox 1326 2921 1377 2989; x_wconf 89' lang='lat' dir='ltr'><strong>Ci-</strong></span> 
     </span>
     <span class='ocr_line' id='line_1_24' title="bbox 328 3029 1379 3118; baseline 0.006 -18"><span class='ocrx_word' id='word_1_178' title='bbox 328 3031 443 3102; x_wconf 90' lang='lat' dir='ltr'><strong>ceroni</strong></span> <span class='ocrx_word' id='word_1_179' title='bbox 453 3080 464 3118; x_wconf 89' lang='lat'><strong><em>,</em></strong></span> <span class='ocrx_word' id='word_1_180' title='bbox 476 3047 510 3098; x_wconf 87' lang='lat' dir='ltr'><strong>et</strong></span> <span class='ocrx_word' id='word_1_181' title='bbox 521 3029 660 3100; x_wconf 79' lang='lat' dir='ltr'><strong>verbera</strong></span> <span class='ocrx_word' id='word_1_182' title='bbox 673 3047 707 3100; x_wconf 86' lang='lat' dir='ltr'><strong>et</strong></span> <span class='ocrx_word' id='word_1_183' title='bbox 718 3048 895 3118; x_wconf 89' lang='lat' dir='ltr'><strong>tormenta,</strong></span> <span class='ocrx_word' id='word_1_184' title='bbox 911 3033 995 3103; x_wconf 85' lang='lat' dir='ltr'><strong>dixit</strong></span> <span class='ocrx_word' id='word_1_185' title='bbox 1005 3034 1095 3103; x_wconf 82' lang='lat' dir='ltr'><strong>illam</strong></span> <span class='ocrx_word' id='word_1_186' title='bbox 1112 3035 1256 3104; x_wconf 91' lang='lat' dir='ltr'><strong>multum</strong></span> <span class='ocrx_word' id='word_1_187' title='bbox 1271 3035 1379 3106; x_wconf 80' lang='lat' dir='ltr'><strong>lands-</strong></span> 
     </span>
    </p>
   </div>
   <div class='ocr_carea' id='block_1_3' title="bbox 326 3219 1378 4149">
    <p class='ocr_par' dir='ltr' id='par_1_5' title="bbox 326 3219 1378 4149">
     <span class='ocr_line' id='line_1_25' title="bbox 329 3219 1375 3282; baseline 0.004 -9"><span class='ocrx_word' id='word_1_188' title='bbox 329 3221 391 3273; x_wconf 87' lang='lat' dir='ltr'><strong>dum</strong></span> <span class='ocrx_word' id='word_1_189' title='bbox 401 3232 465 3274; x_wconf 81' lang='lat' dir='ltr'><strong>esset</strong></span> <span class='ocrx_word' id='word_1_190' title='bbox 481 3221 513 3273; x_wconf 85' lang='lat' dir='ltr'><strong>de</strong></span> <span class='ocrx_word' id='word_1_191' title='bbox 530 3219 632 3282; x_wconf 73' lang='lat' dir='ltr'><strong>seculo,</strong></span> <span class='ocrx_word' id='word_1_192' title='bbox 651 3219 696 3272; x_wconf 81' lang='lat' dir='ltr'><strong>etsi</strong></span> <span class='ocrx_word' id='word_1_193' title='bbox 714 3220 835 3273; x_wconf 76' lang='lat' dir='ltr'><strong>nullane·</strong></span> <span class='ocrx_word' id='word_1_194' title='bbox 896 3247 902 3262; x_wconf 93' lang='lat'><strong>·</strong></span> <span class='ocrx_word' id='word_1_195' title='bbox 917 3243 940 3274; x_wconf 83' lang='lat'><strong>2.</strong></span> <span class='ocrx_word' id='word_1_196' title='bbox 964 3221 1063 3276; x_wconf 79' lang='lat' dir='ltr'><strong>Graves</strong></span> <span class='ocrx_word' id='word_1_197' title='bbox 1080 3225 1202 3276; x_wconf 69' lang='lat' dir='ltr'><strong>odom</strong></span> <span class='ocrx_word' id='word_1_198' title='bbox 1220 3245 1315 3280; x_wconf 79' lang='lat' dir='ltr'><strong>causas</strong></span> <span class='ocrx_word' id='word_1_199' title='bbox 1325 3243 1375 3278; x_wconf 78' lang='lat' dir='ltr'><strong>esse</strong></span> 
     </span>
     <span class='ocr_line' id='line_1_26' title="bbox 329 3297 1376 3376; baseline 0.006 -25"><span class='ocrx_word' id='word_1_200' title='bbox 329 3297 427 3351; x_wconf 77' lang='lat' dir='ltr'><strong>cessitas</strong></span> <span class='ocrx_word' id='word_1_201' title='bbox 446 3297 493 3349; x_wconf 89' lang='lat' dir='ltr'><strong>slis</strong></span> <span class='ocrx_word' id='word_1_202' title='bbox 511 3309 646 3368; x_wconf 85' lang='lat' dir='ltr'><strong>premeret,</strong></span> <span class='ocrx_word' id='word_1_203' title='bbox 669 3310 711 3349; x_wconf 83' lang='lat' dir='ltr'><strong>sut</strong></span> <span class='ocrx_word' id='word_1_204' title='bbox 729 3310 835 3372; x_wconf 80' lang='lat' dir='ltr'><strong>cogeret·</strong></span> <span class='ocrx_word' id='word_1_205' title='bbox 884 3301 944 3355; x_wconf 74' lang='lat' dir='ltr'><strong>Her</strong></span> <span class='ocrx_word' id='word_1_206' title='bbox 965 3301 1066 3368; x_wconf 86' lang='lat' dir='ltr'><strong>sddits,</strong></span> <span class='ocrx_word' id='word_1_207' title='bbox 1087 3314 1114 3354; x_wconf 91' lang='lat' dir='ltr'><strong>nt</strong></span> <span class='ocrx_word' id='word_1_208' title='bbox 1134 3302 1286 3376; x_wconf 73' lang='lat' dir='ltr'><strong>intelligeret</strong></span> <span class='ocrx_word' id='word_1_209' title='bbox 1302 3304 1376 3356; x_wconf 80' lang='lat' dir='ltr'><strong>Citem</strong></span> 
     </span>
     <span class='ocr_line' id='line_1_27' title="bbox 329 3374 1375 3444; baseline 0.007 -17"><span class='ocrx_word' id='word_1_210' title='bbox 329 3374 429 3428; x_wconf 74' lang='lat' dir='ltr'><strong>Sclutt.</strong></span> <span class='ocrx_word' id='word_1_211' title='bbox 869 3379 938 3433; x_wconf 59' lang='lat' dir='ltr'><strong>wine</strong></span> <span class='ocrx_word' id='word_1_212' title='bbox 958 3379 1035 3432; x_wconf 85' lang='lat' dir='ltr'><strong>dubio</strong></span> <span class='ocrx_word' id='word_1_213' title='bbox 1054 3377 1233 3444; x_wconf 84' lang='lat' dir='ltr'><strong>moriendum,</strong></span> <span class='ocrx_word' id='word_1_214' title='bbox 1253 3401 1298 3436; x_wconf 81' lang='lat' dir='ltr'><strong>nec</strong></span> <span class='ocrx_word' id='word_1_215' title='bbox 1311 3381 1375 3434; x_wconf 85' lang='lat' dir='ltr'><strong>ullsm</strong></span> 
     </span>
     <span class='ocr_line' id='line_1_28' title="bbox 365 3450 1377 3531; baseline 0.01 -30"><span class='ocrx_word' id='word_1_216' title='bbox 365 3470 386 3502; x_wconf 89' lang='grc' dir='ltr'><strong>ι.</strong></span> <span class='ocrx_word' id='word_1_217' title='bbox 407 3450 511 3504; x_wconf 80' lang='lat' dir='ltr'><strong>Deinde</strong></span> <span class='ocrx_word' id='word_1_218' title='bbox 530 3453 693 3504; x_wconf 76' lang='lat' dir='ltr'><strong>nmrierrdum</strong></span> <span class='ocrx_word' id='word_1_219' title='bbox 710 3462 750 3503; x_wconf 78' lang='lat' dir='ltr'><strong>est</strong></span> <span class='ocrx_word' id='word_1_220' title='bbox 767 3471 776 3503; x_wconf 92' lang='grc'><strong>.·</strong></span> <span class='ocrx_word' id='word_1_221' title='bbox 792 3455 837 3504; x_wconf 80' lang='lat' dir='ltr'><strong>s&#39;lle</strong></span> <span class='ocrx_word' id='word_1_222' title='bbox 885 3477 953 3531; x_wconf 86' lang='lat' dir='ltr'><strong>spem</strong></span> <span class='ocrx_word' id='word_1_223' title='bbox 976 3457 1058 3510; x_wconf 81' lang='lat' dir='ltr'><strong>venite</strong></span> <span class='ocrx_word' id='word_1_224' title='bbox 1079 3476 1131 3510; x_wconf 80' lang='lat' dir='ltr'><strong>esse</strong></span> <span class='ocrx_word' id='word_1_225' title='bbox 1155 3457 1289 3529; x_wconf 73' lang='lat' dir='ltr'><strong>reliquum.</strong></span> <span class='ocrx_word' id='word_1_226' title='bbox 1305 3457 1377 3527; x_wconf 81' lang='lat' dir='ltr'><strong>Qurre</strong></span> 
     </span>
     <span class='ocr_line' id='line_1_29' title="bbox 330 3528 1377 3603; baseline 0.003 -21"><span class='ocrx_word' id='word_1_227' title='bbox 330 3531 405 3582; x_wconf 77' lang='lat' dir='ltr'><strong>enim.</strong></span> <span class='ocrx_word' id='word_1_228' title='bbox 421 3528 474 3580; x_wconf 84' lang='lat' dir='ltr'><strong>Diu</strong></span> <span class='ocrx_word' id='word_1_229' title='bbox 491 3528 548 3599; x_wconf 86' lang='lat' dir='ltr'><strong>quis</strong></span> <span class='ocrx_word' id='word_1_230' title='bbox 564 3529 678 3592; x_wconf 70' lang='lat' dir='ltr'><strong>sudabit,</strong></span> <span class='ocrx_word' id='word_1_231' title='bbox 693 3528 837 3601; x_wconf 82' lang='lat' dir='ltr'><strong>priusqusrn</strong></span> <span class='ocrx_word' id='word_1_232' title='bbox 887 3535 1029 3589; x_wconf 60' lang='lat' dir='ltr'><strong>consultum</strong></span> <span class='ocrx_word' id='word_1_233' title='bbox 1054 3535 1113 3603; x_wconf 80' lang='lat' dir='ltr'><strong>illi,</strong></span> <span class='ocrx_word' id='word_1_234' title='bbox 1141 3549 1170 3589; x_wconf 78' lang='lat' dir='ltr'><strong>us</strong></span> <span class='ocrx_word' id='word_1_235' title='bbox 1193 3536 1262 3590; x_wconf 63' lang='lat' dir='ltr'><strong>uiue</strong></span> <span class='ocrx_word' id='word_1_236' title='bbox 1286 3550 1377 3591; x_wconf 63' lang='lat' dir='ltr'><strong>eum</strong></span> 
     </span>
     <span class='ocr_line' id='line_1_30' title="bbox 331 3607 1377 3688; baseline 0.003 -28"><span class='ocrx_word' id='word_1_237' title='bbox 331 3608 422 3660; x_wconf 66' lang='lat' dir='ltr'><strong>luorum</strong></span> <span class='ocrx_word' id='word_1_238' title='bbox 439 3607 571 3679; x_wconf 76' lang='lat' dir='ltr'><strong>investiget</strong></span> <span class='ocrx_word' id='word_1_239' title='bbox 587 3624 697 3660; x_wconf 86' lang='lat' dir='ltr'><strong>sensum.</strong></span> <span class='ocrx_word' id='word_1_240' title='bbox 715 3607 838 3679; x_wconf 77' lang='lat' dir='ltr'><strong>Corrupta</strong></span> <span class='ocrx_word' id='word_1_241' title='bbox 888 3613 1174 3678; x_wconf 70' lang='lat' dir='ltr'><strong>morrem‚etabanim0</strong></span> <span class='ocrx_word' id='word_1_242' title='bbox 1187 3612 1220 3666; x_wconf 78' lang='lat' dir='ltr'><strong>ed</strong></span> <span class='ocrx_word' id='word_1_243' title='bbox 1234 3613 1377 3688; x_wconf 71' lang='lat' dir='ltr'><strong>hauepmts</strong></span> 
     </span>
     <span class='ocr_line' id='line_1_31' title="bbox 331 3684 1377 3764; baseline 0.004 -26"><span class='ocrx_word' id='word_1_244' title='bbox 331 3699 390 3738; x_wconf 86' lang='lat' dir='ltr'><strong>sunt</strong></span> <span class='ocrx_word' id='word_1_245' title='bbox 402 3705 409 3740; x_wconf 76' lang='lat' dir='ltr'><strong>s</strong></span> <span class='ocrx_word' id='word_1_246' title='bbox 423 3685 483 3738; x_wconf 82' lang='lat' dir='ltr'><strong>lrinc</strong></span> <span class='ocrx_word' id='word_1_247' title='bbox 496 3684 547 3738; x_wconf 78' lang='lat' dir='ltr'><strong>illm</strong></span> <span class='ocrx_word' id='word_1_248' title='bbox 564 3687 682 3740; x_wconf 71' lang='lat' dir='ltr'><strong>tenebret.</strong></span> <span class='ocrx_word' id='word_1_249' title='bbox 693 3685 758 3758; x_wconf 66' lang='lat' dir='ltr'><strong>legs</strong></span> <span class='ocrx_word' id='word_1_250' title='bbox 768 3704 775 3739; x_wconf 90' lang='lat'><strong>:</strong></span> <span class='ocrx_word' id='word_1_251' title='bbox 785 3685 838 3740; x_wconf 85' lang='lat' dir='ltr'><strong>De·</strong></span> <span class='ocrx_word' id='word_1_252' title='bbox 887 3693 1044 3764; x_wconf 71' lang='lat' dir='ltr'><strong>impetraret,</strong></span> <span class='ocrx_word' id='word_1_253' title='bbox 1057 3711 1089 3743; x_wconf 84' lang='lat' dir='ltr'><strong>us</strong></span> <span class='ocrx_word' id='word_1_254' title='bbox 1100 3690 1131 3743; x_wconf 88' lang='lat' dir='ltr'><strong>sd</strong></span> <span class='ocrx_word' id='word_1_255' title='bbox 1144 3690 1278 3744; x_wconf 76' lang='lat' dir='ltr'><strong>arbitrium</strong></span> <span class='ocrx_word' id='word_1_256' title='bbox 1287 3691 1377 3746; x_wconf 77' lang='lat' dir='ltr'><strong>dutssir</strong></span> 
     </span>
     <span class='ocr_line' id='line_1_32' title="bbox 331 3767 1144 3834; baseline 0.005 -17"><span class='ocrx_word' id='word_1_257' title='bbox 331 3767 392 3818; x_wconf 77' lang='lat' dir='ltr'><strong>inde</strong></span> <span class='ocrx_word' id='word_1_258' title='bbox 410 3769 473 3834; x_wconf 81' lang='lat' dir='ltr'><strong>quia</strong></span> <span class='ocrx_word' id='word_1_259' title='bbox 487 3767 650 3818; x_wconf 84' lang='lat' dir='ltr'><strong>moriendum</strong></span> <span class='ocrx_word' id='word_1_260' title='bbox 667 3775 754 3829; x_wconf 56' lang='lat' dir='ltr'><strong>essen</strong></span> <span class='ocrx_word' id='word_1_261' title='bbox 771 3768 839 3818; x_wconf 78' lang='lat' dir='ltr'><strong>viles</strong></span> <span class='ocrx_word' id='word_1_262' title='bbox 888 3783 1033 3824; x_wconf 84' lang='lat' dir='ltr'><strong>moreretur.</strong></span> <span class='ocrx_word' id='word_1_263' title='bbox 1047 3769 1144 3824; x_wconf 76' lang='lat' dir='ltr'><strong>Setutt.</strong></span> 
     </span>
     <span class='ocr_line' id='line_1_33' title="bbox 331 3842 1376 3916; baseline 0.008 -22"><span class='ocrx_word' id='word_1_264' title='bbox 331 3846 400 3894; x_wconf 80' lang='lat' dir='ltr'><strong>euim</strong></span> <span class='ocrx_word' id='word_1_265' title='bbox 418 3842 529 3910; x_wconf 86' lang='lat' dir='ltr'><strong>(nedum</strong></span> <span class='ocrx_word' id='word_1_266' title='bbox 553 3843 582 3894; x_wconf 87' lang='lat' dir='ltr'><strong>id</strong></span> <span class='ocrx_word' id='word_1_267' title='bbox 602 3842 718 3895; x_wconf 86' lang='lat' dir='ltr'><strong>Ciceroni</strong></span> <span class='ocrx_word' id='word_1_268' title='bbox 732 3843 838 3897; x_wconf 70' lang='lat' dir='ltr'><strong>,leden-</strong></span> <span class='ocrx_word' id='word_1_269' title='bbox 921 3845 945 3899; x_wconf 86' lang='lat'><strong>3.</strong></span> <span class='ocrx_word' id='word_1_270' title='bbox 960 3847 1220 3901; x_wconf 75' lang='lat' dir='ltr'><strong>Ulnumems&#39;scum</strong></span> <span class='ocrx_word' id='word_1_271' title='bbox 1235 3849 1376 3916; x_wconf 60' lang='lat' dir='ltr'><strong>Cadmeo.</strong></span> 
     </span>
     <span class='ocr_line' id='line_1_34' title="bbox 333 3919 1377 3998; baseline 0.008 -28"><span class='ocrx_word' id='word_1_272' title='bbox 333 3919 410 3983; x_wconf 87' lang='lat' dir='ltr'><strong>dum)</strong></span> <span class='ocrx_word' id='word_1_273' title='bbox 426 3939 455 3972; x_wconf 84' lang='lat' dir='ltr'><strong>se</strong></span> <span class='ocrx_word' id='word_1_274' title='bbox 467 3938 518 3972; x_wconf 83' lang='lat' dir='ltr'><strong>sua</strong></span> <span class='ocrx_word' id='word_1_275' title='bbox 531 3929 622 3986; x_wconf 78' lang='lat' dir='ltr'><strong>sponte</strong></span> <span class='ocrx_word' id='word_1_276' title='bbox 632 3921 762 3989; x_wconf 71' lang='lat' dir='ltr'><strong>eorfimn,</strong></span> <span class='ocrx_word' id='word_1_277' title='bbox 776 3925 837 3988; x_wconf 76' lang='lat' dir='ltr'><strong>quia</strong></span> <span class='ocrx_word' id='word_1_278' title='bbox 887 3923 1064 3998; x_wconf 79' lang='lat' dir='ltr'><strong>Intelligentur</strong></span> <span class='ocrx_word' id='word_1_279' title='bbox 1075 3924 1143 3990; x_wconf 72' lang='lat' dir='ltr'><strong>ltere,</strong></span> <span class='ocrx_word' id='word_1_280' title='bbox 1162 3923 1185 3977; x_wconf 90' lang='lat' dir='ltr'><strong>si</strong></span> <span class='ocrx_word' id='word_1_281' title='bbox 1202 3923 1270 3997; x_wconf 67' lang='lat' dir='ltr'><strong>legas</strong></span> <span class='ocrx_word' id='word_1_282' title='bbox 1281 3937 1377 3978; x_wconf 78' lang='lat' dir='ltr'><strong>:utmo-</strong></span> 
     </span>
     <span class='ocr_line' id='line_1_35' title="bbox 329 3998 1378 4067; baseline 0.01 -19"><span class='ocrx_word' id='word_1_283' title='bbox 329 3998 489 4050; x_wconf 80' lang='lat' dir='ltr'><strong>mon‘endum</strong></span> <span class='ocrx_word' id='word_1_284' title='bbox 499 4008 580 4060; x_wconf 77' lang='lat' dir='ltr'><strong>esset,</strong></span> <span class='ocrx_word' id='word_1_285' title='bbox 592 4001 698 4060; x_wconf 77' lang='lat' dir='ltr'><strong>etiansse&#39;</strong></span> <span class='ocrx_word' id='word_1_286' title='bbox 708 4002 776 4050; x_wconf 78' lang='lat' dir='ltr'><strong>mori</strong></span> <span class='ocrx_word' id='word_1_287' title='bbox 786 4019 837 4052; x_wconf 85' lang='lat' dir='ltr'><strong>no·</strong></span> <span class='ocrx_word' id='word_1_288' title='bbox 888 4004 988 4067; x_wconf 80' lang='lat' dir='ltr'><strong>riars&#39;s,</strong></span> <span class='ocrx_word' id='word_1_289' title='bbox 1009 4021 1059 4054; x_wconf 76' lang='lat' dir='ltr'><strong>reon</strong></span> <span class='ocrx_word' id='word_1_290' title='bbox 1076 4004 1254 4056; x_wconf 74' lang='lat' dir='ltr'><strong>nummberts</strong></span> <span class='ocrx_word' id='word_1_291' title='bbox 1267 4023 1321 4058; x_wconf 78' lang='lat' dir='ltr'><strong>cum</strong></span> <span class='ocrx_word' id='word_1_292' title='bbox 1338 4003 1378 4057; x_wconf 70' lang='lat' dir='ltr'><strong>st·</strong></span> 
     </span>
     <span class='ocr_line' id='line_1_36' title="bbox 326 4073 1192 4149; baseline 0.008 -25"><span class='ocrx_word' id='word_1_293' title='bbox 326 4075 446 4145; x_wconf 60' lang='lat' dir='ltr'><strong>luissent.</strong></span> <span class='ocrx_word' id='word_1_294' title='bbox 462 4073 569 4138; x_wconf 81' lang='lat' dir='ltr'><strong>vaes,</strong></span> <span class='ocrx_word' id='word_1_295' title='bbox 585 4087 631 4128; x_wconf 84' lang='lat' dir='ltr'><strong>etc·</strong></span> <span class='ocrx_word' id='word_1_296' title='bbox 643 4073 742 4131; x_wconf 78' lang='lat' dir='ltr'><strong>Schult.</strong></span> <span class='ocrx_word' id='word_1_297' title='bbox 887 4089 960 4146; x_wconf 82' lang='lat' dir='ltr'><strong>tone,</strong></span> <span class='ocrx_word' id='word_1_298' title='bbox 971 4083 1018 4149; x_wconf 71' lang='lat' dir='ltr'><strong>pus·</strong></span> <span class='ocrx_word' id='word_1_299' title='bbox 1026 4081 1129 4142; x_wconf 77' lang='lat' dir='ltr'><strong>set-sire,</strong></span> <span class='ocrx_word' id='word_1_300' title='bbox 1145 4091 1192 4134; x_wconf 86' lang='lat' dir='ltr'><strong>stc.</strong></span> 
     </span>
    </p>
   </div>
   <div class='ocr_carea' id='block_1_4' title="bbox 0 0 1487 4784">
    <p class='ocr_par' dir='ltr' id='par_1_6' title="bbox 0 0 1487 4784">
     <span class='ocr_line' id='line_1_37' title="bbox 0 0 1487 4784; baseline 0 0"><span class='ocrx_word' id='word_1_301' title='bbox 0 0 1487 4784; x_wconf 95' lang='lat' dir='ltr'><strong> </strong></span> 
     </span>
    </p>
   </div>
  </div>
 </body>
</html>
