2874 4796
333 444 978 533 excenrrsoonrn.n1e.1,4.
1126 451 1190 540 47⁵

112 577 231 658 Peter,
248 571 315 642 tibi
333 596 454 642 manue
470 571 671 658 defuerunt,
689 573 774 641 mihi
791 575 925 660 omniu,
943 574 1140 668 prinsquam
1156 579 1193 644 in

114 711 169 757 me
185 690 409 770 reverterer¹,
426 688 596 754 exierunt.
611 686 724 780 Majus
735 703 808 755 eret
820 686 930 755 socius
941 685 1033 779 qnod
1045 688 1193 782 impers-

39 779 42 788 Ι
114 803 194 886 bes,
213 827 315 896 quum
332 799 426 896 quod
443 799 734 897 deprehenderas.
754 804 791 874 si
811 802 896 896 quid
913 805 1069 895 exegeris
1085 805 1193 896 majus

115 918 249 988 viribus
273 920 357 988 meis
371 923 408 1004 ⁸,
432 919 558 986 dicem.
581 920 746 1012 Ignosce,
773 943 843 988 non
866 943 1015 1014 possum.
1042 921 1194 1013 ignoscit

116 1033 190 1104 titio
207 1049 319 1127 pater,
341 1036 593 1129 navigationem
614 1037 809 1119 recusanti,
831 1037 859 1105 si
880 1060 949 1105 non
970 1036 1057 1105 ierat
1072 1060 1191 1104 mure:

116 1151 267 1244 ignoscit
281 1173 352 1250 non
370 1152 525 1243 sequenti
541 1166 669 1237 cestra,
685 1152 713 1219 si
726 1176 795 1222 non
808 1167 937 1246 potest,
953 1154 1107 1244 quamvis
1120 1154 1195 1245 ipse

114 1281 215 1361 poter
228 1266 384 1336 militarie
395 1267 451 1336 sit.
468 1270 579 1362 Ipsam
597 1268 709 1362 legem
726 1262 868 1352 recitn³,
885 1271 1000 1337 Liceat
1013 1286 1046 1336 et
1059 1273 1191 1351 ηιαήεο,

114 1388 215 1452 liceat
229 1386 360 1479 etfilio.
381 1385 498 1478 anre
521 1403 589 1454 tam
610 1385 734 1454 multos
753 1387 925 1472 nominet,
950 1373 1017 1454 nisi
1036 1387 1117 1479 quie
1129 1386 1195 1455 oli-

115 1525 202 1594 qnos
216 1516 311 1594 putet
325 1524 416 1584 esse,
430 1500 490 1593 qni
509 1523 579 1570 non
594 1503 747 1594 possint?
760 1503 924 1572 Exierunt
938 1501 1086 1572 adulteri
1100 1504 1191 1572 inter

114 1635 248 1713 putrem
267 1618 415 1708 debilem
434 1618 594 1688 etlilium
611 1634 817 1715 stupentem.

151 1813 344 1883 r.Pn‘uspuam
354 1817 578 1868 immerenter.
585 1813 627 1866 Et·
675 1812 718 1868 bio
733 1833 835 1886 qnoque
847 1813 1048 1868 Deeismationis
1064 1815 1188 1880 Seneere,

114 1893 137 1945 si
151 1891 202 1945 hoe
212 1891 405 1946 convenientius
418 1892 529 1965 integro,
542 1903 627 1946 temen
676 1911 733 1962 qure
741 1892 880 1959 intercidit,
889 1892 983 1945 lemme
997 1905 1073 1946 exstet
1083 1885 1128 1944 lib.
1139 1893 1187 1958 lx,

113 1989 171 2024 non
190 1983 284 2023 temere
306 1980 353 2032 est,
373 1969 442 2040 qnod
461 1967 628 2035 membrana,
676 1991 768 2041 erpo.
791 1973 875 2046 Hujus
888 1991 987 2025 summe
1000 1983 1052 2024 erat
1066 1990 1073 2025 ε
1087 1971 1187 2024 «Peter

109 2052 273 2118 priusquam
282 2052 310 2102 in
319 2051 373 2102 mei
380 2050 534 2101 numeriam
545 2066 628 2100 rever·
675 2046 759 2102 filium
768 2061 792 2102 et
802 2069 938 2103 novercam
947 2049 1098 2116 ,inducente
1107 2049 1187 2102 altero

113 2138 189 2181 ter-er.
197 2127 253 2179 Hoc
266 2147 367 2198 quoque
379 2147 409 2180 ex
418 2125 518 2181 duobus
528 2126 627 2200 seriptis
675 2125 730 2180 titio
739 2128 766 2180 in
775 2126 1188 2201 adulterio,deprehensosoceidit.

113 2221 141 2260 et
150 2207 263 2260 Froben.
276 2207 305 2260 in
315 2208 376 2261 Ver.
386 2207 444 2260 leet.
453 2217 525 2260 notet
536 2207 628 2263 Schot·
674 2205 742 2269 Due,
751 2205 947 2278 sequor.Accipe
953 2204 1018 2257 hene
1024 2203 1130 2258 senilem
1136 2224 1188 2257 nte·

112 2301 171 2354 tur,
183 2286 233 2340 nisi
245 2288 314 2358 qnod
327 2285 421 2340 omittit
429 2289 457 2340 ei
471 2288 530 2339 mei.
541 2287 575 2340 Et
590 2285 626 2342 sic
674 2302 753 2350 uum,
767 2296 792 2336 et
802 2303 968 2356 quocumque
978 2285 1018 2338 ris
1031 2283 1158 2358 imprime.
1170 2304 1184 2332 s

112 2366 218 2436 Hugen.
232 2363 384 2418 Gronovius·
674 2360 708 2412 Et
730 2359 805 2433 penio
827 2372 883 2435 post
901 2378 908 2413 ε
925 2362 1065 2435 «Accipe,
1085 2359 1187 2432 inquit,

148 2463 173 2496 n.
193 2441 287 2507 Maius
304 2443 405 2496 viribus
427 2443 501 2494 meis.
517 2441 555 2493 lta
574 2441 625 2493 dno
674 2437 746 2510 qnod
759 2437 804 2490 din
814 2456 868 2490 non
880 2436 1039 2491 credidisti.»
1053 2439 1114 2490 Non
1127 2437 1187 2512 pie'-

114 2521 192 2574 codd.
206 2518 260 2572 Atii
274 2523 348 2574 ultra
359 2521 427 2573 uires
443 2537 524 2580 meos.
538 2517 624 2582 intre,
675 2527 714 2569 eet
730 2515 818 2590 igitur,
832 2535 891 2569 vere
907 2527 936 2568 ut
952 2515 1035 2568 diesin
1042 2554 1051 2580 ,
1068 2515 1186 2568 Pinrisni

112 2601 284 2652 interponet
299 2616 425 2668 porrum,
441 2595 544 2667 quidam
559 2593 626 2646 inse·
676 2591 833 2658 emendatio,
857 2593 902 2662 qui
915 2592 988 2645 initio
1005 2593 1068 2666 legit
1079 2610 1086 2645 r
1097 2590 1188 2644 Liceat

112 2689 177 2731 runt
188 2675 242 2731 doc.
675 2675 835 2726 adulterium
845 2681 872 2723 et
880 2673 977 2722 morito
992 2671 1083 2740 etfilr'o
1094 2670 1188 2722 viudi-

147 2758 173 2811 3.
188 2756 285 2825 Ipsam
301 2759 382 2826 legem
394 2757 478 2808 recito.
497 2750 589 2806 Lr'ceat
602 2761 628 2805 et
674 2747 885 2820 eom-Vnigerern
895 2747 1003 2812 retineo,
1012 2765 1069 2818 quse
1080 2746 1108 2797 in
1118 2745 1187 2798 Gon·

114 2840 225 2901 marito,
237 2838 315 2889 liceat
322 2844 347 2887 et
349 2835 422 2906 filio.
434 2831 540 2895 Malim,
551 2834 629 2884 liceat
674 2839 779 2881 trovers.
796 2825 888 2900 iegitur
903 2843 910 2879 τ
921 2825 1012 2879 Liceat
1027 2826 1188 2876 adulterim

112 2917 235 2982 etparre',
248 2911 316 2965 utin
328 2910 381 2985 ipse
394 2910 571 2964 Controversia
589 2909 627 2960 le·
675 2903 1137 2976 inmntnetfitioviudicore.Nem
1155 2901 1187 2954 de
1266 2911 1269 2917 '

112 2992 185 3066 gitur
193 2991 204 3057 (
212 2990 250 3044 sie
262 2989 331 3047 eninr
343 2989 396 3062 ipse
406 2987 458 3061 legi
469 2987 558 3056 iussin
573 3006 627 3040 non
676 2985 768 3039 merito
780 2984 888 3037 minime
900 2981 1005 3055 quidem
1019 2979 1143 3046 dubium,
1160 2991 1188 3032 nt

114 3069 213 3140 male):
229 3081 255 3122 et
273 3069 302 3122 iu
320 3069 399 3136 espite
418 3066 482 3138 legis
502 3064 578 3119 tutte
596 3065 627 3117 de
678 3064 708 3116 de
720 3063 792 3127 filio,
813 3062 858 3133 qui
870 3061 970 3116 nulium
983 3062 1011 3114 in
1032 3072 1138 3114 matrem
1149 3057 1189 3129 jur

114 3142 627 3221 adult.epudUlpieuum73Digann·
675 3139 866 3195 hebetScdott.
