2874 4808
289 437 355 530 396
613 441 661 507 M.
686 437 832 506 ANNAEt
853 436 1035 508 SENECAE

289 568 429 635 mentite
437 583 489 636 est
497 569 514 634 ἱ)
522 565 641 659 quidni
651 565 710 634 ills
720 567 923 635 mentiretur
934 562 977 632 de
989 565 1194 633 accusatoris
1207 565 1263 633 sui
1272 565 1361 635 filia?

337 681 476 749 Cnsrms
490 678 574 748 dixit
590 705 598 748 ε
613 678 808 748 Nominsvit
821 679 972 772 privigni
991 680 1044 746 sui
1062 702 1226 748 sororem.

337 795 499 865 sums
514 795 598 864 dixit
613 823 622 865 ε
644 792 741 888 Quid
754 792 875 862 habuit
894 792 985 886 quod
1000 791 1190 880 dubitaret,
1210 818 1257 864 sn
1277 819 1360 890 pur-

288 926 382 980 ceret
401 909 481 980 filie
502 911 576 1002 ejus
598 933 619 980 s
644 931 712 1001 quo
738 904 970 992 occidebatur,
997 908 1105 976 sorori
1129 907 1205 1000 ejus
1217 957 1231 994 ,
1256 933 1359 1002 quem

290 1023 488 1096 occiderat?

338 1147 494 1214 Turtnrns
517 1143 602 1214 dixit
623 1171 631 1211 ι
649 1143 746 1238 Quid
767 1167 850 1239 ergo
877 1158 985 1212 mater
1011 1141 1150 1210 mentitu
1172 1142 1254 1210 est?
1282 1141 1360 1232 tolle

290 1261 407 1330 metris
421 1283 564 1347 nomen,
580 1275 657 1355 post
668 1258 919 1330 damnationem
933 1282 1078 1328 noverca
1092 1273 1156 1327 est.

340 1377 492 1444 Bumons
506 1372 590 1443 dixit
607 1401 616 1442 ι
631 1374 821 1444 Nominsbo
833 1374 931 1442 istem
944 1397 1020 1465 qun
1034 1372 1124 1466 putri
1135 1370 1247 1455 affuit,
1265 1371 1361 1440 istum

290 1513 368 1584 quae
382 1506 513 1559 mortuo
527 1489 632 1560 fratre
644 1512 685 1558 sc
700 1503 806 1557 matre
820 1510 890 1556 non
904 1487 1011 1556 flevit.

340 1610 418 1680 ero
436 1610 602 1676 Porrrxtns
619 1605 706 1676 dixit
722 1633 730 1673 :
745 1605 861 1691 Filia,
878 1605 1010 1698 inquit,
1029 1604 1113 1672 mihi
1131 1605 1269 1677 coneda
1287 1619 1358 1694 αῖς

291 1727 457 1822 posthoc,
474 1724 630 1794 eumdem
642 1725 771 1796 vultum
782 1722 857 1817 ejus
868 1723 979 1795 notavi
983 1771 995 1808 ,
1009 1743 1111 1814 quem
1123 1719 1279 1790 videram
1290 1745 1361 1790 mo-

291 1845 402 1912 riente
415 1844 588 1938 privigno.
627 1881 628 1884 =

340 1962 523 2030 Moursnns
560 1961 727 2027 Vostruns
763 1956 962 2027 iviarcellum
1006 1957 1171 2026 turcium
1214 1957 1359 2026 amicum
1436 1940 1437 1943 Ἴ

289 2095 386 2144 suum
401 2125 412 2158 ,
428 2076 525 2168 cujus
538 2074 736 2168 frequenter
749 2076 954 2144 mentionem
972 2074 1157 2166 inscriptis
1170 2073 1242 2142 suis
1254 2073 1357 2156 fucit,
1427 2138 1431 2144 .

289 2208 449 2284 tunquam
463 2191 612 2262 hominis
623 2191 755 2275 diserti,
770 2191 883 2260 siebat
897 2190 986 2259 hanc
998 2187 1122 2260 dixisse
1133 2190 1357 2258 seutentiam:

289 2309 448 2390 Invenit,
470 2305 639 2400 quomodo
657 2305 813 2375 damnate
831 2320 1032 2392 accusaret,
1054 2305 1204 2374 moriens
1223 2302 1359 2374 occide·

290 2437 361 2506 ret,
379 2436 466 2490 torte
485 2436 682 2515 torqueret,
704 2444 772 2490 non
789 2436 840 2491 est
853 2422 919 2489 hoc
936 2419 1120 2508 indicium,
1136 2418 1197 2489 sed
1215 2420 1360 2490 alterum

292 2563 446 2610 novercss
461 2541 677 2610 veneficium.

340 2661 451 2727 Lsrno
460 2656 604 2742 dixerat,
622 2679 726 2749 quum
739 2653 971 2749 descripsisset
984 2668 1150 2722 tormento
1167 2680 1174 2721 :
1190 2653 1362 2724 instabam

293 2794 396 2866 super
412 2786 513 2864 ceput
531 2793 600 2838 non
618 2783 807 2853 accusator,
831 2766 890 2836 sed
907 2782 1016 2836 tortor
1033 2795 1040 2834 :
1057 2769 1131 2860 ipse
1145 2769 1245 2861 ignes
1258 2767 1364 2860 subji-

290 2887 445 2967 ciebam,
466 2889 539 2980 ipsc
551 2885 596 2955 sd
613 2883 858 2955 intendendum
873 2883 1056 2976 equuleum
1072 2907 1191 2952 monus
1203 2883 1364 2952 admove-

292 3002 385 3072 bom.
396 3006 468 3095 Ego
476 3026 547 3072 non
556 3003 670 3072 bibam
679 3003 880 3094 sanguinem
890 3002 1000 3086 istius,
1014 3025 1085 3069 non
1096 3023 1213 3069 eruam
1225 2998 1367 3069 oculos?

294 3120 402 3189 filium
422 3119 506 3188 mihi
534 3119 688 3213 eripuit:
713 3120 780 3188 nisi
799 3119 901 3188 citius
919 3117 1012 3186 illam
1035 3118 1304 3211 oppressissem,
1329 3131 1365 3184 ct

292 3234 397 3304 filiam
414 3235 631 3336 obstulisset,

220 3363 223 3372 '
340 3355 496 3422 Trumus
508 3339 738 3446 dixit:Quum
750 3373 956 3427 accusarem,
969 3351 1080 3444 objeci
1091 3351 1366 3422 veneficiumln

291 3468 410 3536 ultima
422 3483 518 3560 psrte
532 3468 624 3536 inter
639 3491 758 3561 preces
774 3492 864 3537 mess
878 3469 1022 3536 excitavi
1036 3466 1186 3561 puellam
1200 3467 1247 3536 sd
1260 3467 1365 3536 ultio·

292 3607 371 3653 nem
390 3583 503 3653 fratris
525 3587 591 3652 sui.
614 3587 695 3654 Hrec
714 3608 768 3654 res
788 3586 953 3670 maxime,
970 3584 1126 3666 Judices,
1141 3585 1273 3669 movit,
1292 3581 1369 3652 herc

291 3701 434 3768 maxime
452 3725 631 3770 novercam
647 3701 801 3771 offendit.

340 3815 502 3885 Ausnrrns
526 3815 611 3884 dixit
626 3821 827 3910 :Postquam
842 3819 1029 3887 nominarit
1043 3816 1170 3898 filium,
1186 3811 1233 3885 sd
1246 3837 1300 3883 me
1314 3837 1367 3884 re·

291 3935 401 4029 spexit
418 3961 427 4000 ε
443 3933 601 4004 videlicet
614 3950 652 4002 nt
665 3935 786 4018 sciret,
800 3958 846 4003 su
864 3937 945 4003 satis
957 3937 1110 4003 torsisset
1123 3937 1149 3999 ¹.
1170 3913 1174 3918 ¹

292 4089 340 4132 tor.
358 4079 414 4149 Qui
431 4077 503 4132 locus
517 4076 576 4132 hnic
597 4089 681 4131 nostro
697 4075 805 4132 simini·
854 4082 939 4132 sisset.
949 4076 987 4130 Ex
997 4076 1069 4131 vultu
1080 4077 1107 4130 id
1115 4073 1366 4131 meosciseihbstor.

294 4174 349 4208 mus
363 4167 407 4208 cst.
421 4155 525 4212 Schott.
854 4153 928 4208 Fecit
940 4155 991 4209 huc
1002 4154 1069 4208 iilud
1080 4153 1156 4230 pinio
1167 4165 1227 4207 sats
1239 4153 1368 4228 positum

327 4250 348 4285 ι.
358 4233 485 4287 Videlicet
495 4243 524 4287 ut
532 4235 619 4300 sciret,
633 4252 669 4285 oo
680 4235 746 4286 sotir
755 4241 805 4286 tor*
856 4253 871 4282 (ι
879 4233 982 4287 invenit
991 4233 1118 4306 quomodo
1132 4231 1252 4293 dmnsts
1265 4249 1367 4290 escun}
