2842 4812
303 343 370 427 ret
620 343 668 410 tu.
694 339 839 410 suurn
861 341 1039 411 sannen

299 493 367 563 quo
388 491 451 563 per
473 484 575 538 totam
594 469 761 538 actionem
784 493 864 536 usus
881 485 932 537 est
949 495 957 536 ε
973 472 1048 537 Non
1069 471 1163 563 potui
1184 470 1351 560 occidere3

299 600 334 653 et
346 607 450 676 quum
464 583 697 680 descripsisset
713 585 843 677 ingenti
854 584 975 676 spiritu
983 583 1198 670 titubantem,
1214 603 1248 655 et
1260 589 1352 656 inter-

299 703 472 793 rogatione
501 701 615 770 fratris
642 700 820 770 occidendi
848 699 1103 784 concidentem,
1131 702 1220 770 dixit
1253 731 1261 770 :
1291 707 1353 772 No-

296 841 398 886 uerca
408 865 420 902 ,
438 816 531 886 aliud
548 839 661 910 quaere
679 818 714 883 in
728 817 922 909 privignum
939 833 1034 884 tuum
1049 818 1196 902 crimem
1212 816 1268 884 hic
1280 839 1352 911 pau

251 913 258 923 ’
296 931 453 1000 ricidium
473 957 540 1002 non
555 949 664 1026 potest
677 934 801 1002 facere.

344 1050 480 1120 Casurus
502 1049 613 1118 colore
639 1050 708 1117 alio
733 1074 814 1120 usus
837 1065 900 1118 est.
926 1048 1195 1131 Transibemus,
1222 1047 1346 1140 inquit,

295 1164 479 1234 secundum
495 1168 610 1234 matris
623 1165 835 1259 sepulcrum3
855 1167 1015 1235 invocare
1027 1168 1129 1259 coepit
1141 1189 1256 1244 manes
1267 1164 1347 1258 ejus,

295 1297 403 1348 motus
418 1305 504 1349 sum.
526 1285 572 1350 Et
585 1277 709 1375 puerili
728 1305 828 1350 sensu
842 1281 988 1351 colorem
1003 1285 1219 1352 transcurrit¹
1243 1309 1249 1348 :
1266 1279 1348 1373 Quid

295 1393 438 1463 iacerem
452 1395 466 1463 i
480 1398 590 1489 inquit
608 1421 616 1464 t
633 1396 787 1467 occidere
801 1413 899 1490 pater
906 1397 1070 1490 jubebat,
1094 1413 1203 1466 mater
1214 1395 1344 1466 vetabat.

293 1512 335 1578 Et
347 1535 425 1580 eum
438 1512 583 1582 colorem
598 1513 705 1582 dixit:
720 1517 798 1584 Hac
813 1537 943 1582 mecum
957 1513 1117 1605 cogitavi.
1145 1515 1222 1582 Non
1235 1526 1283 1580 est
1294 1511 1347 1576 im·

293 1644 469 1718 peratum,
497 1645 537 1716 ut
555 1653 656 1698 manu
675 1629 881 1726 occiderem,
906 1653 974 1698 non
1002 1646 1039 1697 ut
1063 1630 1207 1722 laqueo,
1231 1651 1296 1697 non
1314 1640 1345 1692 ut

293 1742 378 1811 muri
397 1769 405 1811 s
421 1743 549 1838 eligere
564 1745 722 1840 supplicii
736 1769 845 1838 genus
858 1747 1003 1816 liberum
1017 1762 1081 1816 est.

341 1860 462 1926 Fuscus
480 1860 639 1928 Aunxnrus
658 1861 724 1929 hoc
748 1861 860 1929 colore
884 1885 962 1929 usus
987 1879 1038 1931 est
1067 1889 1075 1930 s
1100 1863 1243 1932 Tentari
1266 1882 1345 1928 mea

292 1987 388 2066 patre
402 1970 518 2066 putavi
535 2001 543 2042 s
559 1976 655 2060 Uno,
674 1977 804 2067 inquit,
827 1975 994 2068 supplicio
1010 1977 1153 2048 alterum
1170 1981 1345 2070 tilium-pu-

292 2087 374 2172 niri,
392 2087 534 2156 alterum
550 2090 697 2180 experiri
713 2089 798 2156 vult.
833 2111 836 2120 ’

339 2203 503 2272 Annnrrus
518 2205 564 2302 ¹in
588 2205 797 2297 argumentis
817 2204 916 2297 plura
934 2208 1082 2298 posuit²,
1103 2225 1139 2276 et
1158 2232 1269 2278 omnes
1284 2206 1343 2274 iere

290 2319 421 2388 colores
444 2321 677 2392 contrectavit.
702 2323 743 2388 ln
764 2319 962 2388 narratione
980 2319 1047 2388 hoe
1063 2320 1339 2400 coloreususcst,

290 2449 323 2503 et
345 2433 429 2503 dixit
447 2463 455 2503 :
471 2439 544 2505 Hoc
566 2461 671 2506 unum
696 2436 780 2503 milri
804 2449 925 2528 praesta
950 2433 1157 2505 heneficium
1181 2465 1189 2504 :
1213 2439 1281 2506 sice
1298 2455 1343 2502 ne

288 2569 450 2644 tanquam
462 2553 667 2646 parricidam
685 2554 784 2622 mori.

336 2666 563 2736 decernamus
573 2715 585 2753 ,
608 2691 677 2735 nou
699 2683 858 2760 tanquam
881 2668 987 2738 irater
1002 2684 1091 2737 esset
1107 2667 1212 2763 hujus
1225 2665 1340 2736 consilii

258 2862 261 2867 Ι
288 2781 459 2866 inventor,
481 2779 581 2865 dixit,
604 2783 761 2875 Cogitavi
775 2781 860 2874 quid
875 2783 1034 2852 facerem.
1050 2784 1203 2854 Tandem
1222 2781 1337 2860 inveni,

290 2897 457 2987 quomodo
472 2898 694 2990 parricidium
714 2899 922 2968 vindicarem
944 2903 1018 2969 sine
1036 2901 1231 2994 parricidio.

336 3013 511 3078 Paestanus
534 3010 599 3080 hoc
616 3012 729 3080 colore
743 3036 823 3080 usus
836 3031 887 3082 est
905 3041 912 3080 :
928 3019 1005 3084 Non
1020 3017 1137 3110 putavi
1149 3033 1271 3112 patrem
1284 3011 1338 3078 uti·

288 3153 354 3219 que
379 3127 466 3196 velle
492 3128 601 3197 occidi
628 3129 748 3199 filium.
772 3130 958 3200 Videbatur
982 3131 1065 3200 mihi
1092 3135 1203 3202 omnia
1226 3127 1338 3200 miseri-

288 3242 411 3311 cordiae
433 3242 627 3335 adjumenta
652 3269 870 3338 praeparasse,
897 3250 989 3340 quod
1016 3249 1107 3318 domi
1127 3257 1336 3346 cognoverat>

251 3391 259 3402 ’
288 3357 380 3448 quod
398 3360 487 3426 inter
503 3383 592 3428 suos.
609 3363 745 3447 Fratri,
761 3364 921 3452 iuquam,
943 3365 1104 3452 tradidit,
1128 3391 1210 3460 age,
1233 3366 1257 3431 si
1271 3381 1338 3453 par-

288 3495 366 3540 cere
385 3473 567 3556 voluisset,
589 3478 644 3545 cui
662 3471 897 3546 tradidisset³i

286 3641 796 3714 maximeinsanirejudieutivius:ata·
880 3669 902 3699 x.
922 3650 1047 3702 Albutius
1063 3657 1091 3703 in
1104 3649 1257 3722 argumentis
1268 3645 1334 3712 plum

287 3738 347 3772 men
365 3719 392 3770 in
408 3719 438 3770 iis
452 3719 543 3785 etiam,
557 3722 575 3773 si
590 3723 673 3774 minus
686 3735 721 3776 est
733 3723 796 3775 insa·
844 3731 946 3793 posuit,
970 3740 1015 3782 ete.
1033 3729 1062 3780 ln
1085 3727 1248 3800 congerendis
1266 3735 1334 3786 ergu-

288 3797 349 3858 rtiae,
364 3797 449 3849 suiuus
462 3799 522 3869 spei.
532 3821 545 3846 u
558 3799 655 3853 Schult.
847 3807 938 3860 mentis
955 3806 1108 3860 immodicus
1124 3819 1192 3870 erut,
1205 3806 1235 3857 itu
1248 3795 1334 3852 deliba-

324 3899 344 3929 ι.
357 3875 694 3944 Elpuerilisensucolorem
706 3893 798 3934 tmus-
846 3881 889 3933 hat
909 3884 1039 3934 rneteriant
1066 3903 1094 3936 ae
1115 3880 1270 3937 consumebtl
1286 3875 1334 3927 l⁰s⁰

286 3959 374 4007 currr't.
385 3954 448 4006 Vult
460 3955 598 4028 pueriliter,
608 3955 734 4028 nimisque
748 3980 797 4012 ne·
846 3979 911 4032 sepe
922 3963 1016 4015 alieno.
1028 3961 1127 4017 Schult.
1177 4011 1179 4015 .

288 4028 414 4100 gligenter
427 4031 507 4104 egisse
521 4031 632 4086 Cestium
647 4032 674 4087 ln
689 4036 797 4105 Colore,
880 4041 902 4095 3.
915 4039 947 4092 Si
952 4061 1058 4107 parcere
1067 4045 1199 4100 uoluisset,
1211 4037 1250 4089 cui
1258 4028 1332 4086 troili·

288 4107 355 4172 qttod
368 4129 406 4161 res
421 4109 472 4180 ipsa
487 4123 596 4163 testatur.
608 4111 708 4165 Subruit.
846 4119 950 4171 disset?
965 4120 1062 4192 Nempe
1080 4118 1128 4172 nisi
1147 4118 1212 4171 lustri
1222 4133 1230 4178 t
1242 4105 1330 4180 quode!
