2874 4796
268 457 500 526 EXCEBPTA
523 457 685 538 CONTR.
712 459 793 527 Llll.
818 460 890 526 ΙΙΙ.1
1048 463 1108 529 501

35 611 151 674 esses,
169 586 312 672 maxima
327 595 449 656 esses¹.
466 585 568 656 Risus
580 585 729 656 omnium
744 587 901 679 ingens²3
919 585 1111 658 scholastici

37 705 170 776 intueri
186 727 257 786 me,
271 703 350 794 quis
360 723 468 774 essem
481 701 541 794 qni
555 715 621 770 tam
636 698 764 774 crassas
776 704 926 775 cervices
938 704 1115 775 haberem.

38 822 177 892 Cestius
198 818 358 888 Ciceroni
380 841 628 911 responsurus,
656 818 742 888 mibi
769 820 851 913 quid
872 820 1116 914 responderet,

37 961 113 1009 uon
125 937 272 1022 invenit,
287 935 346 1004 sed
360 936 499 1030 negavit
515 957 552 1007 se
565 927 840 1022 exsecuturum³,
855 937 921 1006 nisi
936 937 1062 1007 exirem
1076 938 1119 1006 de

40 1054 160 1124 domo.
181 1055 256 1146 Ego
272 1053 394 1144 nepoti
412 1051 525 1122 mede
541 1051 666 1122 balneo
686 1051 824 1146 publico
842 1054 1030 1138 exiturum,
1052 1053 1120 1122 nisi

41 1172 134 1240 lotus
149 1194 270 1239 essem.
285 1168 418 1238 Deinde
432 1168 534 1238 libuit
547 1161 709 1240 Ciceroni
724 1169 771 1238 de
781 1171 896 1242 Cestio
914 1171 951 1240 in
973 1171 1046 1244 loro
1065 1190 1120 1240 ss-

41 1288 216 1356 tisfaeere.
233 1285 385 1355 Subinde
397 1301 515 1353 nactus
536 1309 628 1370 enm,
647 1287 684 1354 in
695 1289 752 1380 jus
765 1284 810 1354 ad
825 1303 1001 1380 praetorem
1015 1312 1119 1358 voco:

44 1417 80 1473 et
93 1425 201 1498 quum
217 1389 380 1498 quantum
394 1381 549 1471 volebam
558 1403 714 1494 jocorum
728 1401 1021 1495 conuitiorumque
1034 1404 1121 1472 effu·

45 1517 196 1604 dissem,
217 1519 407 1612 postulavi,
429 1534 468 1586 ut
484 1531 611 1611 pretor
626 1541 751 1586 nomen
764 1519 839 1610 ejus
856 1519 1026 1612 reciperet
1044 1519 1121 1612 lege

47 1633 208 1726 inscripti
232 1626 426 1701 maleficii⁴.
448 1635 559 1704 Tanta
584 1632 634 1700 illi
659 1631 870 1726 perturbatio
890 1632 973 1714 fuit,
999 1648 1038 1705 ut
1061 1633 1123 1704 ad-

46 1752 260 1820 vocationem
271 1739 441 1842 peteret⁵.
459 1746 593 1818 Deinde
605 1746 649 1816 ad
662 1749 806 1818 alterum
815 1764 993 1843 pretorem
1006 1748 1119 1831 eduxi,

49 1886 85 1938 et
103 1868 232 1962 ingrati
250 1865 431 1960 postulavi.
459 1869 531 1934 Jam
551 1865 644 1960 apud
670 1882 850 1960 praetorem
873 1866 1040 1938 urbanum
1058 1892 1124 1936 eu-

49 2002 201 2056 ratorem
225 1985 257 2052 ei
281 1981 439 2080 petebam
453 1973 483 2071 ⁶3
503 1984 812 2053 intervenientibus
836 1985 974 2069 amicis,
1001 1986 1061 2078 qui
1081 1983 1125 2053 nd

49 2099 119 2168 hcc
134 2096 361 2192 spectaculum
380 2114 645 2182 concurrerent,
665 2113 700 2166 et
717 2097 916 2191 rogantibus
937 2098 1029 2182 dixi,
1052 2122 1125 2166 mo-

52 2221 177 2288 lestum
192 2239 247 2284 me
262 2214 408 2308 amplius
428 2238 495 2283 non
514 2214 684 2294 laturum,
702 2217 731 2284 si
745 2213 894 2306 jurasset
913 2214 1126 2284 disertiorem

53 2355 130 2401 esse
147 2331 365 2412 Ciceronem,
393 2351 493 2420 quam
512 2349 570 2414 se,
599 2351 717 2398 verum
741 2351 806 2397 nec
825 2344 864 2396 ut
883 2328 950 2398 hoc
971 2327 1124 2418 faceret,

53 2447 110 2518 rel
123 2445 213 2516 serio
228 2445 318 2514 effici
333 2445 457 2538 potuit.
473 2445 570 2512 Hanc
579 2493 590 2530 ,
605 2443 734 2536 inquit,
759 2444 821 2511 tibi
839 2443 986 2512 fabulam
1001 2447 1123 2527 retuli,

55 2580 94 2633 ut
108 2565 214 2632 scires
230 2563 267 2629 in
285 2559 585 2629 declamationibus
601 2584 669 2628 non
687 2575 815 2628 tantum
834 2559 927 2628 aliud
942 2584 1050 2653 genus
1065 2559 1130 2629 ho-

55 2680 187 2748 minum
206 2699 291 2744 esse.
311 2676 346 2744 si
365 2677 553 2768 comparari
579 2674 648 2742 illis
670 2675 764 2759 volo,
787 2698 855 2742 non
879 2676 1019 2768 ingenio
1043 2675 1128 2745 mihi

58 2796 187 2888 majore
204 2815 290 2886 opus
306 2808 356 2860 est
366 2841 377 2877 ,
397 2791 458 2860 sed
474 2813 574 2859 sensu
594 2792 739 2860 minore.
764 2785 883 2885 Itaque
900 2792 956 2859 vix
971 2792 1042 2882 jam
1059 2791 1128 2860 cb-

58 2911 162 2981 tineri
176 2909 277 2996 solet,
296 2924 334 2976 ut
348 2906 533 2976 declamem
551 2934 560 2976 ι
581 2907 668 2978 illud
684 2908 836 2978 obtineri
852 2932 920 2978 non
940 2921 1071 3002 potest,
1093 2921 1132 2976 ut

59 3028 162 3098 velint
176 3026 255 3095 aliis
266 3048 368 3118 qnam
382 3023 653 3094 familiarissimis
662 3024 903 3110 audientibus3
918 3025 1013 3094 etita
1026 3024 1132 3094 faeie-
1178 3063 1181 3068 ·

97 3232 120 3266 t.
131 3212 263 3267 Maxima
278 3231 367 3286 terres,
381 3223 408 3264 ut
424 3210 573 3264 membrana
624 3213 659 3264 tia
679 3212 892 3266 declamabantnn
911 3213 1007 3266 Docuit
1020 3213 1068 3266 boe
1089 3213 1135 3266 do·
1206 3261 1207 3265 ,

20 3294 24 3302 ’
62 3306 147 3348 sttrss
159 3290 455 3366 apudGrutsrum.Male
465 3291 508 3343 alii
518 3311 575 3342 mn·
625 3292 748 3346 ctissimus
763 3293 895 3346 Turnebus
912 3293 995 3346 linx
1013 3295 1136 3348 Adverso·

58 3392 115 3442 grta
135 3390 215 3438 esses.
240 3371 404 3437 hctsntius,
422 3369 464 3424 lib.
486 3370 514 3435 l,
527 3383 575 3423 ao:
625 3373 687 3425 rior.
699 3391 752 3445 esp.
765 3371 902 3443 ti,qnibns
913 3371 978 3424 adde
992 3383 1017 3424 st
1025 3373 1135 3426 Fabium

62 3473 77 3500 α
91 3449 224 3504 cloacina
244 3447 407 3502 simulacrum
428 3445 456 3500 in
483 3446 576 3501 tlosctc
625 3451 669 3504 lib.
682 3451 749 3517 vlt,
763 3469 816 3526 cap.
829 3452 852 3518 4.
864 3449 960 3503 Sclotr.

62 3528 175 3582 Maxima
190 3537 351 3600 repertum.»
368 3525 479 3579 Grorwv.
659 3532 682 3581 5.
693 3531 895 3582 Advocationem
901 3536 1004 3596 peteret.
1020 3529 1137 3582 Advoca-

96 3630 120 3664 ι.
132 3607 219 3664 unus
231 3609 460 3678 nomimisgens.
470 3605 510 3658 112
523 3625 575 3677 quo
625 3609 717 3660 donem
726 3617 823 3677 petere,
836 3606 969 3660 formulam
982 3623 1034 3659 esse
1044 3606 1137 3659 forcu-

64 3685 178 3740 annsb.
191 3685 298 3740 Adsero.
308 3683 353 3736 lib.
362 3683 385 3734 X
392 3721 400 3746 ,
411 3702 432 3736 c.
441 3683 466 3736 6.
478 3683 575 3737 Schott.
624 3703 678 3737 sem
691 3703 736 3757 pro
749 3686 792 3751 (ut
805 3682 834 3737 fit
845 3684 872 3738 in
883 3702 964 3738 ctusss
975 3681 1139 3748 diffidentia)

97 3765 122 3817 3.
132 3762 169 3816 Se
178 3773 361 3816 exsecutorem
371 3801 378 3828 ,
390 3761 448 3814 vids
462 3773 533 3815 notas
545 3761 578 3814 ad
621 3759 733 3832 ¹patrono
747 3781 773 3813 se
785 3781 873 3835 egere,
886 3761 1018 3816 ostendere
1030 3799 1038 3826 ,
1050 3781 1139 3815 exem·
1215 3787 1222 3806 ·

65 3841 250 3916 prelationem
261 3839 306 3893 lib.
321 3841 358 3892 lll
372 3839 461 3892 Contr.
471 3839 567 3894 seton.
628 3839 675 3912 plis
683 3838 791 3902 clarum,
800 3861 855 3912 sup.
865 3837 1139 3893 ControuVlllNidc

98 3919 123 3984 4.
135 3919 264 3987 Inscripti
278 3917 408 3988 maleficii.
425 3915 473 3969 tuf.
485 3915 530 3968 lib.
542 3915 579 3982 V,
629 3930 654 3970 st
665 3917 786 3972 Controv.
800 3919 908 3970 XXVll.
919 3917 1016 3972 Schott.

68 3999 192 4052 Goutrcv.
210 4014 219 4046 ι
232 4035 241 4063 ‚
252 3996 382 4066 Inscripti
392 3996 520 4067 maleficii
529 4015 580 4048 oc·
661 3993 685 4048 6.
705 3997 856 4050 cumeum
867 3997 892 4048 εἰ
906 3997 1033 4064 petebam.
1047 3993 1082 4046 Ut
1094 3995 1140 4046 l'n-

67 4081 104 4130 ts'o
114 4088 168 4139 erl,
183 4093 242 4146 qua
253 4075 401 4130 Graecorum
413 4073 581 4146 potiusquam
629 4073 717 4141 riosis,
729 4073 872 4127 ementibus
883 4085 907 4125 et
919 4071 1033 4146 prodigis
1046 4072 1141 4147 exlege

67 4155 256 4219 Romanorum,
269 4165 297 4206 nt
308 4152 433 4224 pleraque
445 4152 511 4221 alise,
524 4173 581 4208 mo·
633 4173 661 4206 ta
673 4153 827 4208 Tabularum
838 4154 902 4206 solet
915 4171 921 4206 ι
933 4172 980 4206 nec
991 4173 1075 4208 rernm
1088 4173 1143 4208 sus·

69 4231 137 4288 ribus
150 4241 320 4303 comparate,
335 4230 517 4286 exercitationis
527 4251 582 4303 grs-
630 4251 687 4286 rum
704 4232 890 4290 sdmiuistratio
910 4231 972 4304 ipsis
989 4231 1145 4286 concedeba-
