2866 4814
336 423 398 508 124
659 427 706 492 M.
733 423 880 492 Attum
901 423 1082 492 stttncm

330 549 394 618 bit.
423 551 459 618 si
485 553 652 650 rapuieoet
675 567 742 618 te:
771 550 896 618 deinde
918 551 1154 644 deprehensus
1179 553 1218 620 in
1237 549 1396 622 adulterio

330 665 568 734 adservaretur
585 669 619 734 in
637 672 865 734 tormentum¹
887 665 1015 735 diutius
1036 667 1233 759 pereundi:
1254 685 1292 738 tu
1318 671 1394 738 inte·

330 784 395 852 rim
409 781 531 851 educta
549 787 685 876 nuptiae
702 798 850 878 optaaeea
872 763 1104 872 (datur'euim
1121 786 1216 877 optio
1236 802 1271 854 et
1292 787 1328 854 in
1345 786 1398 854 ab·

298 879 311 916 ¹
330 893 477 989 centem)
486 924 494 967 t
504 899 743 967 vetares-iilum
754 899 864 971 occidi
875 923 896 966 a
909 893 1154 992 maritoPQuid
1169 903 1326 986 interest,
1339 921 1396 992 qut

231 1055 233 1060 ·
295 1071 300 1082 .
333 1017 410 1109 lego
425 1033 569 1110 pereat,
589 1013 655 1086 niti
674 1015 767 1110 quod
781 1011 965 1086 modestius
977 1018 1122 1086 alienam
1138 1019 1277 1113 iegem¹
1299 1019 1398 1086 inter-

333 1132 501 1226 pellaree:
515 1132 615 1226 quain
629 1151 719 1204 tuom
731 1133 907 1204 iTertiam
922 1134 1002 1204 feeit
1019 1162 1027 1202 :
1044 1157 1147 1227 quum
1159 1133 1396 1228 quodutraqne

332 1265 439 1343 optet,
454 1252 529 1320 fieri
546 1275 615 1320 non
628 1254 757 1344 poscit,
777 1275 821 1320 an
835 1273 874 1320 ea
887 1249 1046 1344 eligenda
1060 1243 1104 1319 a'it
1114 1253 1224 1346 optio,
1239 1273 1308 1344 qua
1320 1249 1396 1318 ultio

330 1361 374 1430 a'd
391 1379 569 1457 utramque
583 1367 771 1459 perveniat.
795 1366 900 1458 Atqui
915 1381 1058 1434 mortem
1081 1382 1174 1460 optat
1196 1357 1274 1434 mea
1289 1366 1392 1458 optio,

331 1493 366 1547 et
386 1497 418 1548 te
438 1481 616 1556 vindieat:
639 1500 694 1552 tua
711 1506 766 1550 me
784 1504 853 1551 non
874 1480 1049 1567 vindicat3
1068 1505 1132 1550 neo
1155 1482 1226 1552 hoe
1253 1482 1314 1550 tibi
1330 1501 1392 1548 mea

332 1599 424 1690 op'tio
442 1615 596 1690 praestat,
614 1598 706 1691 quod
721 1598 824 1681 mihi,
844 1589 954 1668 occiso
967 1614 1104 1692 raptore
1114 1650 1125 1684 ,
1143 1599 1328 1670 invideam.
1340 1595 1393 1662 ltta

294 1766 296 1770 .
332 1711 537 1806 respondet:
562 1715 666 1806 Optio
693 1731 753 1781 tua
778 1737 833 1782 me
858 1699 929 1783 non
954 1713 1131 1784 vindicat?
1148 1713 1341 1782 Vindictam
1361 1725 1391 1776 tn

332 1851 438 1898 meam
454 1847 573 1922 putas,
588 1813 658 1899 tion
673 1831 747 1898 fieri
763 1831 855 1922 quod
870 1832 969 1912 volo,
989 1832 1065 1902 fieri
1077 1831 1169 1922 quod
1183 1832 1264 1900 nolo
1276 1832 1291 1897 i
1302 1829 1390 1896 etiam

331 1941 414 2010 mihi
435 1945 714 2014 contumeliosum
731 1949 818 2029 erit,
838 1961 872 2013 te
889 1945 1026 2038 dignam
1046 1945 1154 2014 videri
1172 1947 1211 2013 in
1228 1943 1324 2036 eujus
1339 1939 1390 2010 ho·

331 2083 448 2128 norem
461 2061 635 2130 occidatur
652 2089 660 2128 ε
679 2085 731 2130 me
748 2059 924 2156 indignam
940 2065 977 2131 in
994 2062 1091 2155 eujus
1108 2061 1275 2130 honorem
1290 2077 1389 2126 seme·

331 2193 397 2246 tur.
419 2176 482 2245 Illo
496 2178 594 2246 modo
610 2196 644 2247 et
656 2200 730 2247 mea
742 2195 778 2247 te
792 2178 955 2247 vindicat.
972 2181 1102 2272 Nempe
1115 2178 1167 2245 lex
1185 2177 1272 2245 dunt
1287 2187 1392 2268 pmntt

333 2296 467 2386 aeripeit
479 2297 629 2366 vitiatori
649 2321 657 2362 ε
673 2296 814 2364 alteram
830 2319 991 2389 passuros
1007 2311 1079 2380 eat3
1100 2317 1169 2361 non
1184 2287 1255 2362 erio
1273 2287 1386 2366 inultm

327 2409 398 2502 jam
411 2427 527 2504 raptor
541 2435 611 2480 non
626 2412 692 2479 erit
710 2413 896 2505 impunitus
914 2437 921 2479 :
943 2411 1083 2503 habebit
1098 2427 1256 2502 poenam,
1275 2403 1389 2474 indota-

332 2540 399 2594 tam
414 2549 562 2596 uxorem.
581 2526 776 2620 Respondet
789 2527 908 2595 eodem
925 2527 1036 2596 modo.
1054 2527 1223 2598 Morietur
1240 2554 1247 2591 :
1262 2519 1320 2592 aed
1331 2539 1388 2584 non

332 2643 430 2712 mihi.
451 2645 663 2728 servabitur,
688 2644 749 2713 ned
765 2643 839 2710 tibi.
861 2644 1025 2737 Quartam
1043 2641 1125 2710 inde
1142 2633 1225 2710 feeit
1244 2634 1386 2732 questio·

258 2781 262 2834 ,ψ’
332 2782 408 2827 nem
427 2786 436 2827 ε
453 2761 480 2826 ci
498 2781 566 2826 non
591 2775 701 2852 potest
720 2761 899 2850 utriunque
918 2774 991 2828 rata·
1012 2783 1085 2828 eoae
1104 2759 1219 2852 optio,
1249 2770 1322 2822 ntra
1341 2747 1386 2814 di·

332 2877 431 2968 gnior
446 2873 680 2942 eit.'Ultimam
703 2895 772 2940 non
799 2874 1036 2965 quaestionem,
1066 2872 1126 2940 eed
1143 2870 1384 2940 tractationem:

329 2991 467 3060 Nullum
494 3013 564 3058 non
590 3007 761 3084 raptorem
790 2991 994 3083 impunitum
1021 2989 1192 3071 futurum,
1213 2990 1242 3055 ei
1258 2980 1326 3053 hae'c
1343 2977 1386 3044 vit

328 3107 538 3198 impunitatis
554 3121 771 3190 monstretur,
789 3123 826 3175 ut
843 3106 903 3198 qui
913 3105 1033 3198 plures
1048 3105 1217 3196 rapuitaet
1235 3097 1385 3168 tutior'et·

328 3237 390 3290 aet.
412 3224 590 3290 Neminem
610 3245 679 3291 non
704 3225 922 3290 inventurum
945 3221 1093 3312 aliquam
1117 3209 1382 3300 tramitemque

329 3361 365 3405 ae
382 3340 417 3405 in
434 3339 604 3432 optionem
624 3337 865 3406 commodaret.

266 3487 268 3494 ⁴
377 3449 499 3526 Fnsons
515 3453 680 3525 mannus
693 3457 838 3548 primam
854 3454 1075 3545 questionem
1100 3449 1191 3518 hane
1210 3434 1384 3529 tecitzQui

370 3661 389 3694 t.
409 3644 600 3695 Adserraretur
626 3646 654 3694 in
679 3651 843 3694 tormentum.
890 3651 961 3708 perte
973 3636 1089 3704 dimidia,
1102 3657 1153 3708 qna
1166 3635 1214 3710 ipsi
1226 3631 1327 3692 favebat,
1338 3638 1384 3674 Μ’

332 3721 392 3774 Non
404 3721 526 3774 continuo
539 3720 703 3788 occideretur,
722 3719 803 3792 magis
816 3729 844 3770 ut
892 3716 1053 3788 plectebatur,
1071 3717 1100 3768 in
1112 3713 1210 3785 reliqna
1222 3711 1302 3765 valere
1313 3697 1384 3755 nom

331 3811 413 3875 portet
429 3799 534 3852 cruciari
553 3797 652 3850 diutina
672 3797 842 3870 expectatione
892 3797 941 3847 Lex
955 3807 1024 3847 crat:
1041 3793 1143 3866 «Rapta
1157 3790 1264 3864 raptoris
1278 3795 1318 3837 tot
1327 3789 1384 3829 Μ·

330 3879 425 3932 mortis.
437 3877 536 3930 Sctht.
579 3888 581 3898 ·
892 3887 960 3937 tem,
980 3885 1022 3925 aut
1043 3871 1168 3926 indotatae
1186 3868 1283 3942 nuptias
1300 3865 1383 3932 optet·

364 3981 387 4010 a.
401 3957 548 4010 Modestius
563 3959 677 4008 alienam
687 3959 776 4020 legem.
787 3953 840 4004 In·
892 3953 1002 4004 -Voiebtt
1012 3967 1057 4002 sue
1067 3947 1170 4022 optione
1179 3959 1275 3998 tantum
1283 3952 1308 3994 nt
1315 3945 1383 3990 tem·

328 4037 461 4105 terpeliore
478 4039 575 4104 legem,
594 4045 629 4084 eet
648 4031 798 4108 prohibere,
812 4047 843 4080 ne
891 4043 960 4083 retur
974 4042 1075 4100 raptor:
1086 4047 1139 4078 non
1157 4037 1185 4077 ut
1201 4037 1225 4076 et
1243 4022 1315 4076 attera
1328 4015 1382 4079 τινί*

325 4128 474 4168 exerceatur.
486 4113 667 4184 imprudentite
678 4111 788 4161 hocerat
799 4111 841 4160 tu·
891 4121 998 4160 mortem
1016 4105 1121 4178 raptoris
1138 4113 1227 4178 optare
1240 4105 1327 4172 postet,
1338 4097 1382 4156 Ψ*

324 4205 425 4258 turum,
446 4192 466 4243 si
488 4191 570 4262 legem
592 4209 679 4256 suam,
700 4205 776 4258 quam
798 4207 842 4261 pro
896 4201 953 4240 sunt
967 4183 1133 4256 iniquissima.
1146 4181 1245 4248 Sedutt.
