2866 4814
9 320 15 427 l
311 412 750 482 conraovnnsmnnm
774 413 854 481 ms.
881 416 909 481 1.
1110 441 1155 508 79

5 609 7 617 ,
72 536 213 617 deiude,
237 561 288 607 an
313 538 480 632 indignus
497 539 602 608 luerit
618 542 677 630 qni
695 523 856 608 aleretur.
876 541 964 608 Novi
982 540 1152 611 declama-

11 739 12 748 *
76 670 157 722 tores
173 656 313 723 Graecis
330 654 527 724 auctoribus
541 654 740 747 adjecerunt
758 657 902 747 primam
928 655 1019 724 illam
1038 683 1155 750 quae&

81 771 216 852 tionem,
237 795 286 838 nn
304 769 486 864 adoptatus
511 770 661 839 abdicari
687 773 812 863 possit;
837 772 902 839 bae
924 773 1056 841 Cestius
1073 797 1154 844 usus

22 907 25 936 *
82 904 151 970 est3
168 887 297 981 adjecit
313 891 536 980 questionem
549 889 660 957 Gsllio
673 873 833 973 alteram,
847 914 891 956 an
908 889 1061 959 abdioari
1079 917 1152 984 pos·

82 1002 122 1066 sit
134 1001 204 1092 janu
222 1000 429 1094 adoptatus,
449 1002 493 1069 ob
508 1001 543 1068 id
555 1002 695 1085 vitium,
715 999 829 1093 quod,
845 1017 1026 1095 antequam
1043 1004 1152 1098 adop·

81 1132 218 1202 uretur,
249 1133 371 1185 notum
392 1117 457 1184 luit
483 1115 677 1210 adoptanti3
698 1116 763 1184 boe
781 1133 896 1185 antem
922 1141 963 1184 ex
987 1123 1154 1212 requitatis

79 1249 172 1325 parte
184 1233 328 1325 pendet,
350 1248 385 1301 et
400 1232 555 1301 tractatio
573 1233 680 1326 magis
698 1248 748 1299 est
766 1257 866 1324 quam
881 1237 1051 1324 quaestio¹.
1118 1215 1140 1264 ⁸·

6 1338 11 1421 j'
124 1349 255 1417 Gannro
271 1350 491 1440 quaestionem
511 1351 654 1442 primam
679 1351 838 1416 Latronis
863 1349 1050 1442 duplicavit
1074 1355 1148 1422 sie:

5 1461 9 1490 ²
78 1463 188 1532 Licuit
197 1464 283 1532 mihi
296 1465 408 1546 alere,
426 1466 524 1532 etiam
538 1481 572 1532 te
586 1481 742 1532 vetante:
757 1464 883 1532 deinde
893 1489 963 1532 non
974 1466 1071 1534 licuit
1084 1493 1151 1536 non

7 1613 13 1679 κ,
76 1579 179 1647 alere.
197 1583 239 1648 In
258 1579 366 1674 priori
390 1595 485 1674 parte
508 1581 574 1649 hoo
590 1582 777 1650 vindicarit
791 1587 818 1661 ²,
840 1606 909 1650 non
925 1605 1022 1674 posse
1044 1583 1153 1652 lilium

11 1762 15 1804 ἱ
76 1698 120 1765 ob
138 1699 174 1766 id
189 1697 364 1778 aldem,
395 1699 487 1790 quod
513 1715 601 1766 esset
624 1723 692 1766 suae
718 1699 1021 1793 potestatisznulli
1039 1716 1150 1768 antem
1194 1792 1199 1803 1

75 1813 234 1881 interdici
254 1813 534 1881 misericordiam.
557 1813 653 1906 Quid
678 1815 706 1880 si
734 1813 818 1908 llere
838 1837 892 1880 me
910 1829 1029 1897 vetesp
1045 1839 1153 1907 quum

75 1929 144 1998 vidi
157 1927 333 1999 bominem
345 1929 602 1998 calamitosum?
615 1929 700 2021 qnid
713 1931 741 1997 si
756 1943 850 1997 vetes
864 1930 1151 2026 propteraliqnod
1211 1923 1212 1926 ¹

8 2040 9 2121 ξ
73 2045 255 2116 honestum
283 2047 407 2116 laetum
433 2047 638 2140 periclitanti
662 2045 801 2115 fuvere?
827 2045 966 2114 affectus
984 2050 1090 2116 nostri
1114 2051 1150 2116 in

7 2170 9 2185 '
72 2182 187 2233 nostru
204 2180 373 2257 potestate
392 2179 479 2232 suut.
498 2163 660 2256 Quaedam
687 2164 777 2230 enim
803 2163 883 2254 jura
907 2188 976 2231 non
998 2167 1145 2258 scripta,

71 2281 131 2348 sed
144 2281 306 2370 omnibns
320 2283 456 2372 seriptis
465 2273 610 2348 certiora
624 2294 714 2346 sunt.
729 2279 893 2371 Quamvis
907 2279 997 2346 lilius
1011 2279 1146 2348 familia

44 2440 47 2448 ·
70 2400 151 2480 sim,
167 2399 251 2467 licet
268 2399 354 2465 mibi
370 2415 405 2464 et
421 2399 542 2490 stipem
560 2397 739 2489 porrigere
757 2395 934 2473 mendico,
956 2412 990 2463 et
1006 2395 1147 2465 humum

35 2557 38 2564 ·
69 2513 232 2584 cadaveri
247 2507 276 2581 ³.
291 2515 453 2606 Iniquum
469 2529 520 2581 est
533 2513 690 2606 collapsis
705 2535 841 2579 manum
856 2534 925 2578 non
942 2513 1120 2605 porrigere
1136 2540 1144 2580 ι

2 2782 3 2810 p
69 2736 262 2800 biedebeuana,
279 2747 324 2787 aut
341 2753 489 2806 postumum
505 2753 584 2804 quum
635 2729 917 2785 nendamanteoculos
937 2741 1011 2798 atque
1032 2740 1147 2782 traetan-
1220 2769 1221 2772 ,

69 2815 103 2868 sie
116 2813 298 2888 accipiendum
312 2824 375 2866 esset
395 2813 436 2884 agi
457 2813 489 2864 de
509 2811 583 2883 lege,
634 2808 704 2862 dam.
715 2809 778 2862 Inde
788 2807 852 2860 illud
864 2825 952 2880 eorum
966 2803 1052 2868 lluxit,
1066 2823 1147 2856 ama·

70 2911 124 2963 que
134 2913 180 2968 pro
190 2892 249 2946 lilio
259 2894 519 2961 lateret,nt‚pmea
529 2888 582 2954 lex,
634 2888 673 2960 gis
694 2887 866 2952 tractationis,
896 2904 973 2956 qnam
1000 2883 1147 2954 questionis

71 2983 110 3023 tna
120 2971 160 3024 len
169 3012 177 3036 ‚
187 2993 202 3019 ι
217 2989 285 3041 sepe
294 2969 361 3041 apud
373 2965 526 3036 Quintilian.
533 2966 583 3018 De·
633 2987 687 3020 rem
699 2986 760 3021 esse.
771 2990 785 3014 a
799 2967 876 3018 llune
889 2965 972 3038 ipsum
984 2962 1070 3016 locum
1086 2982 1147 3015 oon·
1180 3023 1181 3026 Ἴ

5 3100 6 3113 ,
73 3050 143 3102 tlaua.
153 3050 258 3104 Schult.
411 3088 414 3096 .
633 3045 724 3098 sidera.
741 3044 851 3118 Egregie
869 3041 919 3095 bue
939 3041 1048 3115 pertinet
1070 3039 1146 3092 Con-

5 3118 6 3133 *
105 3148 125 3180 ι.
153 3127 289 3181 Tractatio
310 3127 396 3192 nangis
426 3133 466 3178 est
498 3143 582 3193 quum
630 3121 869 3177 trov.1o.Schult.

74 3209 183 3270 pooeslt'o.
193 3207 259 3260 Har
268 3205 329 3257 item
337 3216 395 3256 sunt
402 3202 581 3255 iutermsxime
664 3222 687 3253 a.
696 3200 758 3254 Hoc
769 3201 918 3252 vindicarit.
928 3197 970 3249 An
979 3214 1023 3270 pro
1031 3197 1149 3266 defendit

75 3285 227 3357 irnpneutata
245 3283 415 3337 rhetoribus:
437 3281 466 3334 de
490 3279 582 3352 quibus
632 3272 1147 3351 scalpimus?Utoindictudelensioapud

9 3396 11 3405 =
78 3381 119 3435 rgo
138 3363 223 3436 paucis
244 3382 275 3415 ea
296 3363 438 3435 proferam,
461 3377 586 3430 quaenon
632 3351 1148 3422 Justin.lX.u,etlib.XlllV,4,ejus-

78 3441 107 3492 iu
115 3442 289 3496 auctoritatum
307 3459 400 3512 pompa
412 3458 489 3510 quam
500 3437 584 3490 ratio·
635 3433 700 3486 deur.
711 3432 812 3486 Schult.

15 3549 17 3580 l
80 3519 113 3570 als
122 3519 279 3594 simplicitate
291 3517 374 3570 doctis
385 3525 411 3569 et
429 3515 506 3586 aequis
520 3533 584 3586 pro·
665 3512 690 3566 3.
707 3511 747 3564 Et
768 3510 878 3561 humum
899 3509 1027 3561 cadurci-i.
1049 3509 1147 3560 Recte:

81 3593 153 3649 latum
162 3598 193 3650 iri
205 3595 321 3650 confido.
331 3595 401 3647 llons
408 3593 491 3646 omnis
502 3593 583 3662 aqui·
634 3609 693 3642 nam
705 3589 813 3644 cadaver
825 3585 938 3638 bominis
949 3583 1057 3656 ejectum
1069 3601 1147 3654 sepe-

84 3675 129 3727 latia
139 3677 174 3747 jus
186 3689 221 3730 eut
231 3689 346 3730 nature:
357 3674 389 3727 de
399 3693 449 3742 quo
458 3671 500 3745 egi
509 3671 583 3745 paulo
632 3667 712 3721 liendi
734 3667 838 3719 allectus
860 3663 980 3716 naturalia
992 3675 1043 3714 est:
1057 3674 1081 3714 et
1092 3679 1146 3713 non

86 3766 232 3826 nuzqoum
245 3767 333 3810 nutem
346 3751 413 3806 illud
421 3751 453 3803 sit
462 3750 583 3803 immuta·
632 3747 734 3818 quidem
758 3741 876 3796 omnibus
895 3739 1079 3804 animantibus,
1102 3739 1147 3791 sed

86 3827 136 3898 lla,
146 3853 196 3887 non
209 3842 365 3910 putaverunt
375 3829 488 3882 rhetores
498 3827 529 3880 de
541 3827 582 3890 iis,
632 3825 731 3879 homini
743 3825 778 3876 sir.
789 3843 804 3876 u
816 3833 905 3874 natura
917 3821 1019 3883 insitus,
1029 3830 1066 3884 nt,
1076 3835 1148 3887 quo-

25 3901 26 3922 ³
86 3907 518 3984 quodaeqnitatemetjuanature
528 3923 583 3977 per·
630 3906 699 3958 niam
712 3905 767 3975 jura
778 3901 902 3955 naturalia
913 3914 1074 3970 corrumpere
1083 3893 1147 3946 ciri·

20 4012 33 4058 l¹
84 3988 177 4058 tironus,
189 3988 300 4066 perinde
309 3984 483 4058 questionum
494 3981 583 4035 amba·
632 3983 664 4036 lia
675 3982 739 4034 ratio
749 4000 801 4032 non
813 3991 908 4051 potest,
920 3977 978 4029 ideo
987 3995 1019 4028 ue
1028 3973 1148 4049 jureqni·

82 4065 137 4139 plus
148 4083 171 4124 et
182 4066 373 4124 subtilitatibus
386 4061 581 4130 inquirendum,
633 4061 691 4112 dem
704 4059 790 4132 petrin
801 4055 944 4124 potestatis,
966 4064 1010 4105 aut
1026 4052 1077 4104 alio
1090 4050 1147 4124 jure

7 4176 12 4203 ,ι
81 4165 137 4216 quam
156 4147 234 4220 ipsam
252 4131 312 4200 reni
335 4143 390 4204 ita,
411 4139 511 4201 ullast,
533 4159 583 4211 po·
633 4133 875 4207 cirilifioripossit,
896 4129 1146 4192 utnonliteat,ant
