2894 4784
133 459 1198 498 Q

288 747 292 754 -
518 694 824 850 risusi

332 987 467 1036 sssuu
499 988 585 1050 Qus
616 989 655 1036 rr
686 949 767 1038 uoo
797 989 1013 1040 vouuurus

557 1223 784 1278 GOMI'HMUR·

612 1441 745 1462 un*-

1157 1670 1206 1718 ng.

138 1745 213 1807 Novi
233 1748 349 1808 editoris
367 1751 508 1812 monitum
516 1787 1119 1810 ..............................
1166 1747 1203 1824 vij

139 1853 246 1915 Notitia
262 1855 397 1916 litterario
412 1855 449 1917 de
462 1857 507 1917 Μ.
527 1856 634 1920 Anoao
652 1857 760 1918 Seneca
773 1857 832 1943 (ex
846 1856 892 1918 Jo.
909 1855 974 1916 Alb.
998 1854 1122 1914 Fabricii

179 1960 354 2022 Bibliotheca
367 1961 468 2025 latina
479 1963 516 2026 ab
527 1963 573 2026 Jo.
592 1966 667 2048 Aug.
686 1963 801 2026 Ernesti
820 1964 930 2026 aucuns
949 1961 1121 2035 emendata,

179 2073 253 2122 tom.
269 2062 321 2139 11,
336 2085 401 2147 sap.
413 2061 448 2149 9)
454 2102 1117 2126 .................................
1189 2080 1200 2119 1

136 2168 247 2230 Nioolai
261 2169 347 2231 Fabri
361 2170 390 2232 J.
405 2171 439 2232 C.
455 2170 494 2234 ad
511 2169 555 2234 M.
573 2172 671 2234 Anuad
684 2171 796 2234 Seneooe
808 2171 931 2232 rhetoris
949 2169 1038 2230 libros
1050 2167 1127 2229 Pras-

178 2273 248 2334 iatio
253 2315 1116 2339 ...........................................
1182 2270 1204 2333 6

136 2381 211 2443 Jusii
226 2380 315 2464 Lipsii
330 2381 498 2442 Dissertatio
520 2381 557 2442 de
575 2403 643 2443 vero
658 2383 919 2444 Controuersiarum
936 2393 1051 2442 auctore
1064 2377 1123 2464 (ex

177 2485 340 2548 Electorum
350 2487 424 2548 libro
437 2488 540 2571 primo,
558 2510 621 2571 cap.
644 2486 683 2571 1)
686 2527 1118 2549 ......................
1168 2507 1199 2546 11

136 2594 300 2656 Clarissimo
319 2595 538 2678 doctissimoque
553 2596 616 2656 viro
637 2594 718 2657 Justo
731 2594 829 2678 Lipsio
843 2593 871 2656 J.
889 2595 922 2655 G.
945 2607 975 2656 ot
988 2595 1123 2656 historico

176 2701 288 2785 Regio,
303 2701 394 2763 Andr.
413 2701 546 2764 schottus
560 2705 701 2786 Antuerp.
718 2703 755 2764 de
767 2703 871 2766 societ.
890 2703 978 2779 Jesu,
995 2703 1025 2763 S.
1041 2702 1117 2763 D...
1168 2725 1202 2784 ¹7

134 2809 163 2870 J.
178 2805 291 2891 Lipsius
306 2808 425 2871 Andreae
439 2807 555 2871 Schotto
566 2809 605 2870 V.
624 2809 696 2872 Rev.
713 2809 742 2872 S.
756 2811 783 2870 D
787 2849 1116 2871 .................
1163 2809 1204 2872 25

134 2913 228 2975 Andr.
245 2913 378 2980 schottus
393 2915 515 2976 candido
528 2915 627 2976 lectori
645 2915 674 2976 S.
696 2916 741 2977 De
762 2927 876 2976 auctore
893 2927 922 2977 et
944 2903 1122 2976 declamandi

177 3018 287 3081 ratione
315 3059 1117 3083 ........................................
1163 3019 1204 3082 26

43 3113 45 3117 ’
136 3121 323 3208 Epitaphium
344 3125 435 3186 Marci
455 3125 679 3189 snnaeisenoeae
683 3166 789 3187 ......
792 3161 794 3164 -
800 3165 1117 3187 ................
1164 3124 1205 3202 45
1300 3176 1303 3183 .

137 3229 314 3296 emmonius
327 3233 364 3294 de
375 3233 636 3296 Controuersiarum
651 3247 680 3294 et
692 3235 888 3296 suasoriarum
910 3233 1073 3296 discrimine
1094 3248 1123 3295 et

178 3337 215 3400 de
224 3341 324 3402 ordine
338 3341 432 3402 inillis
447 3341 566 3403 edendis
579 3341 755 3428 praserendo
761 3383 1114 3403 ..................
1163 3340 1204 3426 46

336 3597 790 3662 CONTROVERSIARUM
816 3598 942 3662 LIBRI
970 3600 1007 3662 V.

598 3799 700 3841 unu
720 3803 742 3841 1.

138 3981 244 4043 Seneca
254 3979 380 4053 Novaro,
397 3976 642 4053 samuele,
660 3978 746 4054 filiis,
761 3980 885 4041 Salutem
892 4021 1123 4040 ............
1170 3979 1209 4043 63
1266 4009 1270 4016 -

137 4090 363 4150 Gorsrsovaasu
384 4106 409 4145 r.
435 4085 553 4146 Patruus
575 4085 758 4148 abdicans...
772 4130 778 4142 .
792 4130 799 4143 .
814 4128 837 4143 ..
853 4129 918 4145 ....
933 4130 939 4144 .
953 4131 959 4145 .
972 4129 1002 4178 ..
1014 4128 1121 4148 ......
1168 4086 1211 4172 69

130 4195 133 4208 '
240 4229 280 4243 -
385 4213 414 4253 2.
438 4192 573 4256 Sacerdos
588 4195 739 4276 prostituta
744 4233 1119 4255 ...................
1170 4193 1213 4256 8ss
