2876 4804
26 477 1075 512 m

400 675 441 762 J.
474 675 692 782 LIPSIUS

192 879 386 936 ANDREAE
412 879 613 939 SCHOTTO
637 881 672 936 V.
697 879 792 940 REV.
816 881 887 938 S.D.

480 1041 613 1062 cut-u·-

69 1217 171 1282 'l'ristis
184 1219 246 1308 legi
252 1217 705 1286 deoctdoruminvalitudine:
717 1221 775 1284 etsi
784 1220 895 1303 nolim,
904 1219 1076 1305 Hercules,

29 1339 59 1386 te
70 1346 104 1388 ea
118 1347 151 1388 rc
160 1325 292 1390 tristem.
301 1325 410 1409 Quam
421 1327 462 1391 ab
478 1327 614 1391 honesta
631 1347 726 1390 causa
736 1327 921 1392 contraxisti
932 1328 1077 1411 lStudia,

32 1445 60 1491 ct
72 1445 223 1518 perpetuo
236 1427 381 1496 discendi
390 1431 603 1522 docendique
617 1430 774 1520 cupiditas
789 1432 903 1518 ¹vitium
921 1449 953 1498 et
969 1435 1076 1500 tabem

30 1534 107 1599 lunc
124 1537 318 1602 attidemnt:
330 1553 369 1602 ut
387 1559 448 1601 nec
465 1537 645 1601 meminisse
665 1541 733 1626 ejus
749 1538 866 1626 possis,
885 1537 945 1602 nisi
963 1539 1075 1628 optimi

33 1642 125 1704 anain
133 1665 235 1730 remp.
247 1642 431 1707 litterariam
439 1643 723 1733 animioperaeque.
731 1643 861 1708 Lacaena
867 1643 919 1718 illa
927 1641 968 1708 ad
974 1641 1074 1709 filium

31 1769 67 1812 ex
85 1749 216 1815 vulnere
237 1749 486 1816 claudicantem:
497 1751 628 1833 Macte,
644 1751 788 1839 gradum
809 1773 873 1815 non
886 1774 983 1840 ponec
1009 1754 1077 1816 sine

31 1857 172 1920 mamona
185 1858 338 1938 cuman
351 1855 437 1921 idem
447 1857 481 1921 in
491 1872 534 1922 te.
545 1855 640 1921 Oculi
651 1879 753 1944 quum
763 1856 947 1946 negabunt,
962 1858 1076 1928 merita
1109 1849 1120 1876 ⁸

30 1978 206 2027 succurrent
223 1962 448 2052 delinquentiae
464 1966 532 2051 ejus
551 1985 657 2029 causa.
680 1961 766 2027 Illud
786 1977 819 2027 te
832 1950 922 2027 =serio
938 1963 1074 2044 hortor,

32 2067 89 2130 imo
99 2083 128 2132 et
141 2091 240 2159 rogo,
260 2069 327 2152 uti,
345 2067 425 2135 dum
437 2069 486 2134 sol
500 2066 648 2133 nondum
669 2067 765 2157 plene
785 2067 918 2149 occidit,
932 2091 988 2150 ea,
1003 2090 1075 2155 quae
1109 2109 1113 2122 ·

33 2173 139 2238 seriniis
161 2176 225 2239 tuis
244 2174 360 2240 affecta
377 2175 493 2257 habes,
511 2173 655 2264 perficias
669 2189 702 2239 et
716 2175 840 2240 emittas
859 2175 893 2237 in
913 2173 1075 2261 publicam

31 2278 123 2344 lucem
137 2295 169 2344 ct
183 2281 318 2346 bonum.
339 2281 413 2347 Scio
428 2281 574 2372 pluscula
589 2281 647 2360 tibi
669 2301 752 2345 esse:
763 2295 870 2364 certe,
883 2277 925 2344 de
947 2279 1070 2345 Seneca

32 2401 109 2470 patre
129 2409 188 2452 cur
208 2388 335 2452 omittas
356 2403 412 2453 aut
433 2386 561 2454 tardes?
578 2385 664 2452 Utile
677 2385 773 2470 illud,
793 2386 836 2453 ad
855 2386 1071 2475 eloquentiam

33 2492 171 2580 scriptum
181 2509 245 2574 est,
256 2508 288 2557 et
299 2491 431 2582 quadiu
441 2515 510 2558 uno
518 2492 608 2558 velut
615 2514 755 2582 corpore
769 2491 899 2582 praefert
909 2507 958 2556 tot
971 2513 1072 2556 mem·
1118 2515 1121 2522 ·

35 2593 80 2660 bra
96 2615 240 2663 veterum
255 2607 438 2680 oratorum,
458 2615 535 2665 tuus
551 2614 659 2664 autem
676 2599 710 2667 in
730 2620 770 2662 eo
790 2597 883 2662 labor
908 2611 1017 2678 retus,
1041 2612 1074 2661 et

35 2701 100 2766 nihi
112 2719 208 2768 notus
221 2705 372 2794 suusque
383 2705 505 2770 olimet
518 2703 674 2771 laudatus.
690 2704 779 2786 Quin
793 2702 893 2767 multa
908 2701 1004 2767 etiam
1020 2699 1073 2765 ad-

36 2803 152 2890 dideris,
162 2833 224 2874 nec
233 2809 378 2899 ambigo,
391 2808 522 2902 quando
538 2811 623 2881 enim
638 2825 674 2875 tu
692 2807 815 2876 cessas?
830 2807 944 2897 Itaque
962 2822 1071 2872 nostra

37 2929 61 2976 et
69 2916 238 3001 juventutis
254 2917 423 2982 causalaaec
434 2915 588 2982 edettum
598 2932 630 2981 et
639 2916 899 3006 tua,quiagloria
908 2915 1071 2994 tentasset,

35 3019 170 3087 audacter
195 3045 249 3088 me
270 3021 458 3112 spondente.
477 3023 543 3087 Etsi
554 3023 626 3086 vitae
640 3037 672 3086 et
690 3036 843 3088 votomm
859 3036 993 3086 tuorum
1006 3013 1074 3085 mo·

36 3120 119 3190 destia
129 3149 196 3190 non
209 3149 250 3191 eo
268 3125 421 3216 adspirat:
431 3123 487 3191 sed
501 3142 609 3190 tamen
617 3125 643 3189 si
652 3124 736 3189 hauc
748 3123 896 3216 negligis,
915 3145 975 3187 nos
986 3122 1071 3189 vide.

9 3257 10 3262 ¹
36 3225 102 3296 lide
116 3247 148 3296 et
158 3233 332 3322 Belgicam,
343 3235 378 3296 in
393 3257 456 3321 qua
474 3256 550 3298 cum
561 3255 630 3297 uno
643 3233 709 3318 jam
724 3246 780 3300 aut
795 3229 896 3295 altero
911 3230 976 3294 hoc
988 3228 1072 3318 agis;

38 3337 131 3402 ttabit
150 3363 168 3402 a
181 3339 292 3420 nobis,
304 3339 348 3402 mi
359 3353 463 3427 pater,
477 3340 510 3402 in
531 3354 716 3426 temporum
729 3336 845 3405 malitia
859 3349 917 3399 aut
933 3334 1072 3415 ferocia,

36 3443 133 3507 nellor
145 3444 196 3509 illa
209 3445 314 3510 omnis
326 3435 504 3538 mitiorque
522 3465 621 3509 musa.
644 3441 792 3508 Clausula
812 3457 876 3534 est,
897 3463 939 3509 ue
958 3439 1073 3507 claude

39 3544 168 3616 notua.

215 3724 362 3780 Pareemes
373 3739 423 3794 ego
434 3721 558 3778 dexteras

213 3819 286 3888 Odi,
300 3835 398 3894 sparge
410 3835 494 3874 meas:

39 3994 94 4058 quae
108 3979 239 4044 suaviter
258 3998 342 4058 nos,
361 3989 394 4039 et
408 3989 553 4063 posteros
575 3989 722 4040 recreent
739 3995 776 4040 ac
794 3972 963 4047 delectent.
982 3967 1072 4032 Vale.
1159 4007 1163 4014 .

42 4077 157 4172 hitaoii,
169 4111 218 4154 ιιι
229 4083 306 4153 Kal.
319 4079 416 4148 Mart.
