2842 4812
328 413 396 482 262
650 415 698 480 Μ.
726 411 869 482 ANNE!
892 403 1072 482 SFEECAE

327 543 462 636 potnit?
477 541 639 624 Fatebor,
661 541 794 632 inquit,
811 540 904 632 quod
927 540 1015 608 forte
1037 540 1244 610 offensurum
1261 553 1311 611 ‘est
1326 557 1377 612 su⁴

330 678 415 723 res:
439 656 528 748 patri
554 677 676 748 parere
699 654 815 738 volni,
846 653 984 723 fratrem
1013 652 1168 723 occidere
1194 677 1259 723 non
1280 657 1374 748 pomi.

328 769 468 841 Obortae
479 784 558 840 sunt
571 768 683 840 subito
697 767 865 854 tenebra,
881 766 1024 862 diriguit
1036 769 1188 852 animus,
1204 768 1377 862 sublapsum

329 900 380 952 est
397 886 586 978 intercepto
602 887 725 980 spiritu
741 908 883 978 corpus,
903 907 972 954 non
995 907 1132 978 possum
1150 885 1284 956 fratrem
1300 885 1376 956 occi-

329 1000 424 1070 dere.
439 1003 533 1072 Pone
544 1002 611 1097 boc
628 1001 704 1072 loco
717 1003 881 1095 piratam,
901 1023 970 1070 non
985 1003 1123 1094 poterit.
1141 1000 1288 1093 Quidum
1300 1001 1376 1068 occi·

332 1116 436 1184 derc¹
466 1117 636 1184 bominem
665 1133 793 1194 tanturn
815 1140 885 1186 non
909 1097 1070 1212 possunt,
1091 1115 1307 1210 quorumdem
1325 1115 1375 1185 ed·

328 1255 444 1300 versus
462 1233 576 1303 hostes
595 1233 712 1301 deficit
728 1257 860 1302 manus.
881 1233 1013 1301 Fratris
1036 1255 1174 1326 quoque
1194 1233 1374 1329 beneficium

329 1374 398 1417 non
420 1364 472 1417 est
489 1365 556 1417 tom
574 1374 752 1443 magnum,
772 1340 884 1441 pater,
905 1373 1006 1442 quam
1026 1337 1138 1444 putas.
1159 1351 1236 1418 Non
1253 1341 1307 1418 ilie
1321 1372 1375 1416 no-

329 1465 393 1534 luit
410 1465 583 1548 occidere,
606 1465 666 1533 sed
684 1489 752 1532 non
766 1467 887 1558 potnit.
904 1467 1112 1534 Nouissimas
1126 1465 1204 1535 illas
1218 1481 1320 1562 partes
1331 1460 1374 1532 se-

328 1583 375 1650 cit
391 1609 399 1650 :
416 1577 582 1673 Quamvis
598 1604 666 1647 non
685 1574 866 1662 occiderit,
884 1583 913 1648 si
929 1597 1040 1649 tamen
1057 1583 1171 1674 potuit
1184 1573 1373 1663 demnatum,

328 1723 374 1767 an
388 1696 539 1764 abdicari
555 1694 687 1764 debeat.
705 1697 798 1763 Dicit
810 1697 900 1765 enim
914 1714 1023 1790 peter,
1040 1699 1076 1767 si
1090 1723 1161 1766 non
1175 1715 1313 1794 poteras,
1322 1719 1375 1764 ne-

330 1834 462 1906 gasses,
480 1825 514 1878 et
530 1807 675 1878 misisses
691 1807 735 1877 ad
749 1833 815 1896 me,
833 1832 902 1880 non
919 1835 1017 1904 posse
1033 1817 1103 1879 te¹.
1121 1811 1197 1882 Hoc
1211 1813 1280 1880 loco
1291 1813 1375 1878 Latro·

329 1929 415 1997 dixit
425 1951 496 1995 rem
510 1926 608 1994 valde
622 1925 803 1996 laudatam.
820 1927 981 2016 Dixisses,
998 1931 1123 2021 inquit,
1137 1947 1174 1998 tc
1186 1954 1253 1998 non
1267 1923 1370 2022 ³possc.

328 2049 379 2115 lta
395 2063 433 2112 tu
450 2045 651 2114 nesciebas?
669 2048 794 2139 putasti
815 2067 868 2112 me
886 2069 985 2140 posse
1006 2047 1192 2117 occidere?
1207 2045 1295 2140 Quid
1308 2066 1372 2138 ergo

329 2164 378 2232 sic
396 2160 609 2254 loquebaris,
627 2175 787 2252 tanquam
805 2183 909 2229 unum
924 2163 1101 2254 parricidii
1116 2159 1374 2240 condemnassesi'

210 2297 213 2308 ’
327 2277 475 2363 Deinde,
494 2299 537 2344 an
556 2277 731 2367 puniverit
748 2269 898 2345 iratrebi.
920 2279 1000 2372 Haec
1013 2277 1200 2374 descriptio
1214 2277 1370 2373 supplicii,

328 2392 419 2488 quod
440 2394 544 2476 dixit,
569 2393 707 2485 gravius
731 2393 831 2460 etiam
857 2389 954 2461 culeo
972 2393 1075 2463 brisso
1092 2421 1101 2462 t
1118 2412 1153 2464 et
1172 2396 1306 2490 adjecit,
1321 2392 1372 2460 boe

327 2507 385 2579 die
405 2507 500 2594 iilum
521 2531 639 2604 poenas
658 2507 740 2578 dare
754 2511 845 2577 inter
857 2503 1018 2578 burburus
1033 2512 1223 2598 inclusum,
1237 2535 1295 2606 per
1305 2527 1373 2602 quos

327 2649 464 2696 necesse
479 2641 530 2694 est
542 2623 597 2693 'itti
613 2641 712 2720 patre
730 2626 887 2719 populari
902 2617 1070 2720 *capereb
1095 2624 1165 2698 Sed
1183 2653 1225 2698 ne
1241 2651 1299 2723 per
1311 2623 1372 2692 ilios

329 2741 465 2834 quidem
482 2759 621 2810 necesse
638 2758 689 2809 est
701 2743 924 2833 parricidium
942 2744 1067 2812 facere.¹

377 2860 449 2926 Hac
463 2856 632 2942 divisione
646 2853 699 2926 nsi
720 2873 810 2942 sunt,
827 2855 953 2950 quibus
965 2853 1094 2953 piseuit
1108 2867 1142 2930 εί
1159 2861 1249 2930 iilius
1261 2875 1370 2928 monn

328 2973 514 3042 defendere
529 3001 537 3039 :
551 2974 642 3041 inter
659 2993 744 3065 quos
759 2991 794 3041 et
806 2977 959 3044 Gentinos
974 2979 1093 3046 Vnius
1108 2979 1173 3048 suit
1182 3029 1194 3063 ,
1211 2979 1268 3072 qui
1279 2971 1370 3045 aiebat

328 3087 575 3158 adolescentem
602 3090 763 3183 optimam
792 3110 923 3161 causam
951 3092 1101 3179 habere,
1131 3094 1249 3162 sinon
1269 3085 1371 3159 occidit

364 3323 385 3354 1·
399 3299 570 3372 Nonppotert't‘.
587 3301 706 3374 Quidum
718 3303 835 3372 occidere-
887 3325 900 3350 s
911 3301 989 3367 Curio
1004 3303 1212 3361 mulomedico
1223 3293 1372 3370 hominii·

327 3373 497 3450 bppingcnds
521 3377 575 3432 haec
604 3378 679 3430 initio
709 3377 837 3450 sequentis
886 3392 984 3433 retur.»
999 3381 1098 3436 Sebuli.

327 3453 559 3528 comprehensionis
572 3453 620 3530 leg.
636 3478 660 3527 q.
674 3457 735 3509 Nou
745 3455 838 3526 peterit
919 3459 944 3513 3.
956 3463 1090 3528 Dimum,
1104 3465 1201 3532 inquit,
1215 3474 1238 3516 te
1249 3467 1370 3524 neopum·

327 3537 432 3603 quidem
442 3537 570 3590 occidere:
579 3533 723 3588 Hominem
735 3547 838 3588 tontum
885 3539 950 3608 Qute
968 3539 1055 3610 objicit
1072 3553 1141 3614 pstsr
1148 3578 1156 3606 ,
1169 3537 1255 3613 repetit
1266 3533 1338 3596 biint,
1350 3537 1370 3577 ⁸¹

326 3633 377 3666 noo
388 3633 507 3683 possum·
523 3617 713 3684 Argumentum
733 3613 845 3668 ductum.
886 3615 1100 3672 :statuerumt

326 3705 362 3744 est
372 3711 400 3744 ex
411 3691 598 3764 comperstione
610 3693 739 3766 Majorum
753 3711 760 3744 ι
774 3693 835 3746 Ho—
917 3698 943 3760 ’4.
958 3695 1041 3748 Patre
1049 3699 1175 3768 populan’
1183 3712 1276 3764 mpere-
1285 3689 1369 3742 ΕΜ·

324 3771 421 3824 minem
434 3791 487 3824 non
497 3791 599 3844 possum
611 3771 742 3840 occidere,
754 3771 835 3826 multo
886 3773 1052 3828 datiiorosns
1064 3777 1155 3842 editio,
1168 3787 1283 3847 perqoot
1290 3778 1369 3819 mm

325 3850 410 3902 minus
423 3850 534 3904 fratrem.
547 3848 643 3904 Sabou.
884 3865 923 3906 est
939 3858 1073 3922 populari,
1093 3867 1196 3924 patrem
1212 3866 1302 3923 sopett-
1319 3836 1368 3910 L‘bi

359 3949 382 3982 n.
394 3927 517 3981 Misisses
532 3929 572 3980 od
587 3947 641 3992 me,
655 3949 706 3981 oon
715 3947 793 3996 posse
803 3940 835 3982 te.
885 3931 940 3984 vuit
952 3931 974 3982 F
976 3933 1049 3996 eber,
1060 3937 1178 4002 patriam
1187 3925 1314 4000 populari.
1323 3937 1368 3987 W

326 4007 523 4060 Ciceronianam
536 4021 584 4072 est,
598 4009 756 4079 aliorumque
769 4010 833 4083 opti·
885 4023 949 4064 trem
963 4031 1054 4079 copem
1061 4035 1070 4072 ,-
1085 4013 1207 4086 excogitet
1220 4006 1326 4061 Scbottus
1337 3996 1368 4047 it·

325 4107 439 4152 morum,
451 4091 551 4140 mittere
562 4107 608 4159 pro
618 4087 771 4159 significare,
782 4109 836 4141 cer·
885 4089 997 4160 gendum
1006 4130 1013 4152 ,
1021 4102 1126 4158 petrem
1138 4091 1227 4142 exsuli
1236 4097 1327 4152 coptu,
1336 4069 1367 4124 Ἀ

326 4165 415 4218 tiorcm
432 4169 522 4222 succro.
542 4167 571 4218 ln
595 4155 672 4237 Epist.
688 4167 720 4218 ad
740 4165 833 4219 Famit.
885 4172 911 4218 in
924 4171 994 4220 mnn'
1005 4187 1101 4236 capere,
1116 4169 1155 4221 vri
1166 4155 1365 4235 potremwffl‘
