2874 4808
1041 377 1072 424 r

265 469 699 559 CONTROVERSIARUM
722 475 803 540 LlB.
835 477 876 556 V,
904 475 957 540 31.
1085 474 1147 558 dat

75 600 224 686 sortiter,
239 618 276 674 et
289 603 480 684 fortissime.
495 599 574 668 vidi
585 617 716 692 patrem
727 600 797 692 jam
813 623 928 674 senem
942 600 1082 670 loricam
1094 603 1151 670 in-

73 715 251 798 duentem,
268 713 411 800 multum
428 726 479 789 ,est
490 764 501 798 ,
522 736 675 807 pugnare
697 737 773 785 cum
793 713 958 806 exemplo.
980 711 1151 784 Judicium

73 846 235 913 vocatur,
251 854 318 923 quo
336 843 481 924 pateret
494 829 709 923 filiusspclia
724 831 938 900 contulimus.
952 831 1040 900 Ecce
1053 832 1153 898 amit·

10 977 13 984 ⁴
75 959 122 1018 to¹
136 971 223 1042 :ego
235 947 299 1022 tibi
315 946 438 1016 cedere
454 927 601 1041 pomum,
617 949 775 1016 seuinon
788 971 938 1041 possum.
947 946 1055 1040 ‚Quod
1070 972 1151 1019 con-

76 1061 190 1148 tendi,
207 1064 294 1158 legis
314 1063 430 1157 :qnod
446 1065 513 1132 vici
523 1113 535 1150 ,
547 1063 702 1154 judicum
723 1091 730 1130 ε
750 1062 842 1156 quod
856 1066 1027 1158 pugnavi,
1045 1067 1152 1158 patris

75 1197 140 1250 est.
167 1179 272 1263 valui
295 1179 419 1250 cedere
437 1206 445 1246 ε
462 1195 710 1250 concurrerunt
728 1181 896 1272 juvenes,
919 1183 1024 1252 aetatis
1049 1205 1151 1250 cause

73 1297 272 1391 agebatur-².
282 1298 358 1376 ‚vici
372 1321 441 1366 non
453 1297 546 1366 filius
555 1311 700 1390 patrem,
711 1294 772 1365 sed
782 1297 919 1389 juvenis
933 1321 1061 1367 senem.
1077 1302 1150 1392 Ego

75 1413 164 1502 vici,
178 1412 239 1496 sed
250 1437 366 1498 omnes
375 1415 463 1507 patri
476 1412 633 1507 gratulati
647 1429 737 1500 sune
750 1415 848 1506 parui
859 1412 1067 1496 adolescens,
1080 1437 1151 1482 ma-

74 1531 152 1622 gnis
166 1530 328 1623 exemplis
339 1529 501 1622 deceptus
517 1553 602 1614 sum,
615 1529 694 1598 dum
706 1531 818 1622 cogito
829 1543 960 1602 meeum
972 1531 1150 1598 Horatium

74 1652 236 1732 Etruscas
248 1650 341 1719 acies
355 1671 498 1742 corpore
514 1672 576 1721 suo
591 1662 879 1733 summouentem,
900 1665 935 1718 et
948 1650 1099 1718 Mucium
1112 1651 1149 1718 iu
1193 1641 1196 1646 ’

75 1763 214 1832 bestilia
238 1788 332 1838 arma
352 1779 528 1848 ruentem
545 1778 580 1842 el
594 1762 674 1837 dum
690 1779 743 1848 tc,
763 1765 866 1848 Deci,
887 1765 1015 1857 cogito,
1037 1767 1150 1857 quiet

74 1883 148 1974 ipse
165 1881 304 1950 noluisti
317 1883 406 1975 patri
421 1879 558 1956 cedere.
574 1879 743 1948 Transibo
755 1883 792 1948 in
801 1882 959 1952 subsellia
972 1898 1043 1965 tue,
1057 1907 1150 1952 com·

73 1997 207 2088 plectar
222 1997 391 2083 invitum,
410 1997 489 2080 licet
507 1975 698 2087 repugnes,
714 1996 835 2072 feruor
850 2022 937 2067 sum.

122 2115 245 2182 Fuuvu
269 2114 394 2183 saraa.
418 2115 562 2194 Necesse
583 2112 649 2180 fuit
671 2111 778 2198 mihi,
809 2113 942 2183 fortiter
968 2115 1116 2184 militare
1136 2143 1144 2182 :

73 2225 298 2320 pugnandum
315 2225 481 2295 habebam
500 2249 569 2293 non
587 2226 783 2318 imperatori
802 2243 950 2309 tontum,
969 2227 1029 2298 sed
1041 2232 1144 2320 patri.

74 2345 110 2412 si
125 2359 163 2411 tu
178 2343 329 2426 vicisses,
344 2341 519 2426 diceretur
531 2343 641 2424 :Patri
655 2343 754 2410 cessit
773 2341 1043 2422 :abdicationem
1057 2347 1148 2414 enim

75 2459 202 2528 timuit.
222 2457 360 2530 Solebas
372 2459 464 2526 enim
479 2481 613 2550 semper
635 2473 772 2550 optare,
794 2475 833 2524 ut
854 2459 1068 2551 contingeret
1085 2462 1146 2530 tibi

74 2577 205 2645 babere
223 2574 331 2644 lilium
352 2574 541 2642 meliorem.
563 2573 734 2653 iudicium
752 2563 872 2640 voeas³
894 2572 1063 2664 duplicem
1081 2575 1148 2643 do-

74 2716 149 2759 mus
167 2705 290 2758 nostrae
311 2690 520 2782 triumphum
535 2688 550 2754 Ρ

121 2808 410 2876 Cuomr'l'uanmr.
427 2805 483 2890 Tu
493 2805 607 2873 Mucio
617 2803 762 2889 diceres,
778 2807 853 2872 Non
865 2822 914 2873 est
929 2803 1020 2896 quod
1031 2821 1145 2872 osten-

74 2921 135 2990 das
145 2924 241 2990 istam
252 2947 388 2991 manum
399 2923 476 2991 rTu
486 2921 636 3016 Scipioni
647 2937 721 3016 post
730 2921 874 2990 deletam
890 2923 1143 3016 Carthaginem,

72 3041 191 3109 Tace?
203 3043 341 3132 Loquax
356 3055 406 3107 est
423 3041 551 3120 virtus,
566 3063 632 3106 nec
649 3039 796 3106 ostendit
807 3063 844 3116 sc
859 3055 985 3108 tantum
994 3091 1004 3124 ,
1021 3038 1081 3107 sed
1094 3042 1147 3109 in-

75 3158 179 3250 gerit.
197 3155 305 3224 Aiunt
321 3157 421 3223 etiam
435 3179 528 3224 nunc
547 3154 683 3247 quidam
693 3206 704 3242 ,
720 3159 821 3223 Pater
838 3159 938 3225 cessit
955 3157 1044 3243 filio,
1063 3161 1145 3227 etin

73 3269 141 3342 hoc
158 3269 314 3355 abdicat,
336 3289 374 3340 ut
392 3297 510 3342 verum
529 3269 683 3342 videatur
702 3273 804 3340 luisse
822 3289 1007 3342 certamen.
1030 3274 1142 3367 Opta,

73 3403 187 3478 pater,
206 3402 244 3454 ut
256 3409 279 3453 a
295 3401 418 3478 nepote
434 3387 596 3455 vincaris.
617 3387 759 3469 Postea,
779 3387 911 3477 iuquit,
932 3387 1068 3460 fortiter
1081 3415 1148 3484 pu-

74 3526 183 3606 gnare
193 3503 320 3598 poteris
332 3531 341 3578 ς
355 3501 444 3570 unde
458 3503 528 3570 scio
537 3503 551 3569 Ρ
561 3501 760 3587 vulneribus
770 3527 823 3569 me
837 3527 951 3572 senem
963 3503 1040 3577 leci.
1058 3507 1146 3601 Quis

74 3634 108 3686 te
122 3615 283 3686 felicior?
301 3633 337 3685 tu
352 3642 468 3686 omnes
488 3619 617 3703 vicisti,
643 3633 676 3685 te
692 3618 795 3686 filius.
814 3619 952 3712 Quanto
974 3621 1148 3693 honestius

111 3811 133 3842 t.
152 3787 220 3840 Eece
234 3789 336 3840 amitto.
353 3787 382 3838 ld
399 3799 452 3849 est,
468 3786 588 3850 dimitto,
637 3788 804 3850 Iniudirr'um
811 3788 938 3842 voras-Id
948 3802 993 3854 cst,
1005 3791 1146 3844 abdicando

74 3864 204 3936 quidquid
216 3884 316 3935 sperare
333 3883 431 3938 possem
447 3864 529 3918 videri
540 3865 590 3916 boc
638 3882 710 3920 enata
725 3883 766 3930 et,
785 3885 838 3928 cnr,
856 3867 901 3936 qui
917 3868 979 3922 istor
996 3869 1146 3936 retulimus,

75 3965 106 3998 u
118 3941 225 4015 judicio.
235 3943 273 3994 lta
284 3946 402 3996 armum
413 3943 522 4016 pamm
530 3941 588 3994 etin
638 3957 708 3998 nune
721 3945 901 4014 queremonia
912 3947 1021 4016 judicio,
1038 3959 1093 3999 uter
1103 3949 1149 4000 iu·

21 4083 25 4096 λ
75 4023 176 4097 presel.
186 4021 284 4084 eredas,
297 4021 341 4076 ubi
351 4021 419 4074 vide.
429 4021 528 4075 Sclmu.
638 4017 733 4090 iuriam
742 4022 829 4073 lecerit
843 4025 929 4075 :unde
941 4022 1020 4094 gloria
1035 4024 1080 4076 ista
1094 4045 1147 4078 uon

110 4121 134 4170 a„
142 4101 333 4155 Rauranum
344 4101 481 4169 agebatur.
493 4097 590 4152 Contu
640 4099 728 4152 leviter
739 4099 885 4154 infuscatur.
896 4101 1044 4172 Duplicem,
1056 4103 1149 4176 inquit,

79 4179 184 4231 initium
195 4177 295 4231 coloris.
307 4177 406 4231 Muti.
639 4179 815 4246 trimphum,
829 4179 889 4248 quia
900 4179 960 4232 dum
971 4180 1045 4232 refert
1054 4183 1147 4234 trium-

114 4257 138 4310 3.
156 4256 296 4312 Indicium
317 4275 404 4312 aveas·
423 4257 517 4312 semer
534 4269 593 4311 sat:
641 4257 720 4327 pbum
730 4256 1148 4335 filius,tantumdem,immoplus
