2866 4814
260 485 699 552 CONTROVERSIARUM
720 485 801 550 ΠΒ.
827 485 857 567 Ι,
883 510 913 550 2.
1064 511 1108 576 99

73 633 163 701 puam
178 633 269 692 osse,
287 635 359 679 non
377 610 422 679 ad
438 635 511 680 eum
528 609 595 679 boc
620 611 788 694 reserens,
819 610 878 679 scd
895 611 939 680 ad
958 623 1081 706 corpus
1098 641 1106 680 :

71 729 212 811 tuctsrit,
232 728 402 822 impuram
417 751 490 796 esse
498 778 510 813 ,
526 752 602 820 quae
616 727 767 796 osculum
789 730 932 822 impuris
949 728 1106 812 dederit,

71 865 125 931 quc
142 841 251 910 cibum
269 867 348 911 cnm
363 845 505 936 impuris
519 844 662 936 ceperit.
782 835 791 851 ⁴

105 958 250 1025 Atsuurus
267 959 382 1051 figura
400 958 516 1026 divisit
533 959 798 1027 controversiam
816 963 839 1025 ¹.
872 961 966 1027 Dixit
991 962 1080 1028 enim
1100 989 1107 1028 :

21 1071 23 1168 l
70 1073 200 1141 Putemus
213 1089 284 1142 tres
299 1073 524 1142 sacerdotium
542 1090 659 1166 petere
674 1101 684 1152 ¹:
703 1098 823 1156 unam,
839 1098 914 1166 quae
927 1092 1025 1169 capta
1036 1093 1108 1145 est:

21 1175 22 1194 ¹
70 1187 202 1270 alteram,
219 1214 296 1282 quae
309 1191 488 1282 prostituta
508 1216 516 1256 ι
534 1191 686 1270 tertiam,
701 1214 775 1282 quae
785 1190 957 1260 bominem
973 1191 1111 1260 occidit.

70 1303 208 1374 Omnibus
223 1330 318 1400 nego
336 1333 345 1374 ε
366 1323 400 1374 et
416 1306 466 1374 sic
480 1329 614 1374 causam
633 1322 751 1374 contra
764 1307 914 1397 singulas
931 1309 1013 1400 egit.

104 1422 209 1489 Fuscus
230 1423 401 1492 Anninus
418 1424 466 1490 sic
488 1420 616 1490 divisit.
635 1422 792 1491 Probabo
810 1421 987 1516 indignam
1001 1447 1115 1492 sacer·

70 1534 162 1606 dotio:
180 1540 355 1631 primum,
374 1538 504 1606 etiamsi
518 1538 643 1631 pudica
660 1540 725 1605 sit:
745 1537 888 1619 deinde,
909 1541 990 1630 quia
1003 1542 1115 1609 nesci-

21 1677 23 1710 :
71 1671 173 1718 nusan
185 1652 315 1744 pudica
331 1653 375 1721 sit
392 1678 399 1718 :
418 1653 622 1736 novissime,
644 1650 737 1742 quod
751 1675 820 1720 non
839 1653 883 1720 sit
900 1649 1038 1746 pudica.

21 1779 23 1820 l
106 1767 388 1836 COLOR.Fuscus
421 1790 459 1833 ro
494 1766 584 1834 uella
593 1766 740 1835 colorem
752 1767 844 1834 bunc
852 1766 1120 1836 introduxittvo-

21 1725 23 1866 l
397 1791 493 1860 rr

21 1875 22 1880 ’
71 1877 180 1950 luerunt
191 1882 240 1951 dii
254 1883 462 1952 immortales
475 1884 511 1950 in
525 1882 591 1950 bac
606 1881 721 1974 puella
732 1882 823 1951 vires
835 1905 911 1950 suas
922 1883 1114 1966 ostendere,

21 2061 23 2108 t
71 2013 99 2062 ut
109 2017 295 2092 appareret,
318 2023 418 2092 quam
437 1997 530 2066 nulla
547 1999 599 2064 vis
615 1998 762 2064 humana
776 1994 901 2066 divinis
919 1997 1115 2066 resisteret:

21 2117 24 2272 ,
72 2113 155 2204 magis
165 2129 373 2208 putaverunt
388 2113 551 2182 miraculo
569 2136 641 2181 esse
658 2113 693 2181 in
708 2114 840 2207 captiva
857 2111 1066 2196 libertatem,
1080 2116 1116 2184 in

71 2231 223 2316 prostituta
235 2231 456 2324 pudicitiam,
471 2231 509 2297 in
520 2245 674 2298 accusata
691 2229 931 2299 innocentiam.

107 2345 203 2414 Lumo
221 2346 312 2414 dixit
329 2372 337 2413 ε
354 2345 478 2438 Aliqua
492 2361 590 2437 capta
607 2345 740 2414 felicior
766 2345 847 2426 tuit,
867 2343 963 2414 nulla
981 2345 1113 2416 fortior.

108 2458 279 2528 ldtutuus
294 2483 399 2552 quum
415 2458 660 2552 descripsisset,
676 2459 906 2552 dignationem
917 2459 1039 2552 puellae
1051 2485 1119 2532 ma·

21 2545 24 2668 l
72 2593 152 2660 gnum
175 2577 303 2659 sitisse,
331 2575 431 2644 altius
446 2573 607 2668 quiddam
624 2574 893 2667 superbiusque²
920 2576 1017 2643 vultu
1043 2577 1117 2668 ipso

21 2669 23 2762 l
73 2691 305 2778 preferentem,
324 2693 413 2761 banc
426 2692 552 2784 adjecit
563 2694 782 2774 sententiam,
801 2715 902 2783 quam
913 2691 1041 2760 solebat
1057 2695 1118 2760 mi·

21 2767 23 2890 l
74 2807 126 2874 rari
147 2812 266 2895 latro,
289 2811 392 2877 immo
417 2809 476 2898 (ut
500 2809 573 2900 ipse
594 2809 726 2898 aiebat)
750 2807 935 2876 exosculari
953 2809 1118 2876 :Narrate

74 2942 136 2991 sane
150 2948 264 2993 omnes
289 2941 449 3015 tanquam
474 2923 518 2991 ad
542 2925 753 3015 prostitutam
772 2923 924 3010 uenisse,
945 2922 1024 2990 dum
1043 2909 1119 2992 tsn-

21 2979 23 3108 l
74 3057 184 3124 quauta
200 3035 378 3108 sacerdote
392 3035 619 3106 discesserint.

21 3119 23 3246 l
110 3153 262 3222 Anuunus
279 3151 365 3220 dixit
381 3179 390 3221 ι
408 3154 530 3222 Nescio
548 3154 625 3244 quis
643 3152 714 3220 iero
732 3167 767 3220 et
779 3151 929 3222 violento
943 3153 1056 3221 snimo
1068 3177 1122 3222 ve-

21 3247 23 3342 l
75 3262 131 3346 uit,
145 3267 223 3360 ipsis
235 3266 343 3338 credo
354 3266 420 3336 diis
434 3268 530 3336 illum
549 3263 801 3361 impellentibus
815 3281 855 3333 ut
873 3266 995 3336 futurae
1010 3291 1121 3336 secer·

21 3343 23 3430 l
75 3376 146 3450 dotis
162 3408 229 3454 non
249 3385 392 3453 violaret
408 3385 612 3468 castitatem,
631 3381 694 3453 scd
706 3381 838 3450 videret
852 3409 860 3449 :
876 3381 1032 3475 predixit
1045 3383 1119 3471 illi,

21 3477 23 3578 l
74 3494 238 3570 abstineret
259 3523 388 3599 aspero
408 3522 550 3591 corpore
567 3523 717 3567 manum.
733 3499 809 3565 Non
826 3513 877 3565 est
892 3497 985 3591 quod
997 3500 1122 3570 audeas

21 3585 23 3710 l
77 3607 178 3682 ledere
187 3614 401 3710 pudicitiam,
416 3637 516 3705 quam
526 3613 682 3681 homines
695 3627 844 3695 servant,
854 3611 902 3684 dii
914 3631 1131 3709 exspectant„

21 2351 23 2426 l

21 2439 23 2462 t
40 2435 44 2444 .

21 2475 23 2502 ι

21 3833 22 3836 ’
105 3847 122 3880 ιΙ
134 3829 231 3902 Figura
249 3833 342 3885 diuisit
359 3833 566 3884 controversiam.
616 3831 808 3886 lierocantboee
821 3831 847 3884 in
860 3845 971 3886 mentem
981 3827 1135 3904 Propertisss

21 3961 22 3964 ,
79 3902 180 3962 lloslseo
191 3910 337 3982 generalius
347 3909 452 3963 nomine
466 3923 568 3983 accepto
618 3931 679 3964 num
696 3910 762 3963 illud
781 3927 788 3962 ι
806 3911 904 3964 «Nunc
924 3909 985 3964 volo
1002 3909 1124 3963 subducto

21 4003 22 4036 1
79 3977 570 4054 ismmvmtcontormstionsmdeeta-
618 3990 719 4062 gravior
733 3989 867 4062 procedere
881 3990 961 4042 vultu.
971 4009 985 4036 u
997 3989 1068 4041 Beue
1078 4008 1127 4041 en-

78 4061 175 4117 utonis
186 4081 308 4121 remotam
320 4085 336 4119 s
346 4065 475 4119 communi
485 4077 508 4118 et
517 4065 570 4138 pri-
620 4081 669 4122 tem
678 4071 760 4121 nitius
769 4067 954 4136 superbiusque
961 4065 1049 4135 junxit.
1058 4065 1125 4117 Nem

79 4153 136 4190 stum
147 4161 170 4196 se
181 4146 304 4201 oliersnte
315 4143 421 4198 radone.
430 4143 465 4195 N.
473 4141 569 4196 Faber.
619 4143 740 4197 sltissima
749 4161 868 4213 queque,
880 4142 964 4214 regia,
976 4140 1064 4195 divine
1073 4157 1129 4193 om·

105 4237 123 4268 ²·
138 4225 222 4278 Altius
235 4227 368 4296 quiddam
380 4222 573 4293 superbiusque.
622 4222 678 4286 nia,
691 4221 784 4293 quibus
796 4219 916 4272 indentur
927 4218 1036 4273 muims
1048 4218 1131 4271 borni·
