2894 4784
286 377 354 446 650
499 404 509 426 .
607 373 656 443 M.
681 373 827 443 ΔΝΜ]
850 371 1031 444 SENECAE

331 508 480 574 Mersus
491 501 617 590 siebat,
632 503 691 571 bio
700 499 881 595 Virgilium
895 498 1052 571 debuisse
1062 501 1238 572 desinere·
1251 529 1261 570 :
1273 504 1380 596 quod

283 621 451 714 sequitur,
982 702 986 716 Ι

528 737 598 790 Etim
610 733 855 808 dseimnmvestigis
867 734 961 790 rettulit
971 752 1087 803 ensem,

286 860 534 956 explementum
550 881 623 928 esse
638 863 664 927 ⁸.
687 927 688 932 ,
767 877 772 886 ·

331 979 493 1045 Mestum
505 975 572 1044 boc
585 974 685 1042 etiam
699 973 807 1065 priori
821 973 1052 1066 comparebat.

332 1093 401 1164 Sed
427 1106 465 1164 ut
489 1092 534 1162 ed
555 1087 805 1184 Thermopylas
825 1094 1371 1176 reverter,Droc1.esCssrs·rrrss

281 1210 391 1279 dixit:

332 1323 375 1391 A.
396 1325 535 1392 Persius
551 1319 648 1389 dixit.

332 1440 446 1508 Corvo
459 1439 686 1507 testimouium
699 1436 850 1528 stuporis
863 1434 1073 1505 reddendum
1087 1433 1157 1506 est⁵
1172 1441 1233 1532 qui
1247 1439 1360 1510 dixit:

282 1551 379 1647 Quid
398 1550 510 1643 sijum
530 1553 663 1619 Xerxes
684 1548 728 1618 ed
747 1571 807 1617 nos
819 1572 882 1617 suo
897 1543 1000 1618 muri⁴
1016 1553 1166 1646 naviget,
1184 1553 1365 1646 fugiamus

283 1686 464 1760 antequem
488 1665 588 1736 nobis
613 1680 704 1734 terra
727 1666 945 1757 surripiatur.
969 1668 1034 1735 Hic
1055 1684 1107 1763 est
1124 1671 1271 1755 Corvus,
1298 1675 1364 1763 qni

282 1809 386 1878 quum
401 1799 546 1854 tentaret
554 1780 703 1853 sobolom
710 1784 824 1851 Romu
834 1779 971 1851 Summo
981 1779 1045 1862 illi,
1056 1786 1116 1876 qui
1128 1785 1263 1854 Judaeoe
1274 1787 1364 1856 sub-

278 1895 428 1997 egernt⁵,
446 1900 647 1972 declamavit
659 1900 941 1986 controversiam,
957 1898 1001 1969 de
1014 1923 1072 1984 es,
1088 1903 1164 1996 ‹111ae
1173 1904 1265 1996 apud
1280 1929 1363 1973 ma-
1376 1963 1381 1968 .

282 2034 397 2086 tronus
413 2017 618 2100 disserebat,
638 2015 765 2084 liberos
786 2037 856 2083 nou
879 2039 953 2085 esse
974 2017 1162 2104 tollendos,
1182 2035 1218 2088 et
1229 2019 1276 2088 ob
1291 2021 1363 2090 boc

281 2149 460 2203 securatur
480 2133 690 2226 Reipublioae
714 2131 813 2200 laesoe.
841 2133 883 2200 In
908 2131 974 2200 hae
995 2134 1257 2222 controversia⁸,
1275 2161 1365 2206 seu-

284 2252 389 2320 tentiu
402 2251 477 2340 ejus
488 2247 561 2316 haeo
575 2245 762 2316 ridebatur.
780 2248 875 2314 luter
886 2243 1026 2340 pyxides
1039 2265 1073 2317 et
1084 2249 1266 2320 redolentis
1279 2255 1362 2322 ani·

319 2439 342 2471 t.
356 2419 411 2472 Hic
426 2419 569 2490 Virgilium
585 2416 701 2469 debuisse
716 2416 792 2467 desi-
840 2412 967 2482 nibsiem)
979 2416 1007 2469 in
1019 2417 1159 2490 Campania
1170 2439 1238 2474 ene.»
1251 2420 1362 2476 Setun.

282 2517 346 2552 nere.
362 2498 498 2572 Eleganter
512 2497 631 2551 debuisse
646 2515 692 2569 pro
707 2513 791 2563 opor·-
873 2497 896 2548 5.
922 2493 978 2565 Qui
998 2495 1111 2551 Judoeos
1133 2499 1275 2570 subegerat.
1306 2501 1361 2554 Cn.

281 2571 791 2649 tere,uerisims'ieesse:utspudMsrtiel.
841 2572 1363 2648 Pompeiumrecipio,i‘uitqnumbie0w·

281 2657 325 2722 lt,
341 2656 427 2731 Epigr.
440 2671 506 2709 uxr
516 2655 548 2710 de
562 2657 646 2708 Leone
659 2671 666 2704 τ
677 2674 691 2700 «
704 2651 790 2705 Dedi·
839 2649 949 2725 tiusleg.
960 2654 1110 2726 suspicarer,
1119 2673 1194 2726 quern
1205 2656 1256 2708 Cu.
1267 2655 1363 2710 Pom·

282 2734 344 2788 dirit
354 2755 443 2808 pacem
459 2735 544 2788 subito
557 2736 653 2788 feritate
673 2750 790 2794 reversa,
842 2729 897 2801 peio
916 2743 941 2783 et
958 2731 988 2784 C·
1005 2733 1131 2785 Memmio
1148 2733 1248 2786 baesisse
1264 2747 1362 2788 erretur

283 2809 387 2880 Quinte
407 2831 453 2863 ure
471 2810 499 2863 in
517 2809 617 2883 Libyeis
637 2808 727 2864 debuit
740 2827 791 2859 esse
841 2818 878 2858 est
901 2809 1057 2874 Suetonius,
1079 2811 1111 2863 de
1130 2811 1209 2864 illust.
1232 2812 1363 2864 unum.

282 2889 352 2944 loeis.
365 2909 379 2937 s
392 2887 498 2941 Scbult.
840 2881 976 2958 Ipsumque
989 2888 1052 2940 adeo
1065 2886 1216 2959 Pompeium
1238 2888 1363 2944 bistnriti

314 2985 337 3018 n.
349 2965 557 3032 Explemmtum
573 2985 636 3020 esse.
651 2965 714 3020 Tele
733 2965 790 3018 Ns·
839 2963 1052 3017 tradideruutsub
1059 2967 1141 3038 ipsum
1153 2965 1236 3020 civite
1246 2967 1364 3032 bellum,

280 3045 349 3098 sonis
362 3043 489 3118 judicium
507 3044 539 3096 de
559 3043 656 3098 versib..
668 3043 791 3096 Varronis
838 3061 890 3112 quo
909 3042 1008 3096 tsctttus
1023 3043 1053 3096 C.
1069 3043 1176 3098 Curioni
1190 3047 1363 3118 promptissi-

281 3123 384 3177 Atseini
403 3143 479 3196 snpre
495 3122 564 3194 leges
576 3123 699 3176 Contror.
719 3121 789 3174 xvi.
839 3137 882 3171 mo
900 3119 989 3193 juveni
1009 3141 1110 3176 reusam
1134 3124 1238 3177 Cereris
1257 3125 1361 3178 defen—

279 3198 413 3252 Scbolt.-·
423 3198 513 3252 Probet
523 3199 606 3272 lleyn.
617 3199 648 3250 ed
660 3197 730 3270 Virg.
839 3195 927 3262 denti,
945 3201 1127 3255 contradiceret
1140 3239 1148 3266 ,
1162 3201 1290 3275 repetiisse
1305 3203 1360 3256 de-

314 3276 338 3328 3.
362 3277 442 3329 Corvo
472 3278 647 3329 testimonium
676 3279 791 3345 stuporis
840 3273 1359 3337 etamsndiconsirerudtnem.tt.senen

281 3357 439 3408 reddendum
452 3367 498 3410 est.
518 3358 553 3409 lte
573 3357 693 3430 loquitur.
716 3355 791 3426 quasi
840 3355 970 3408 rnomine
986 3355 1107 3425 Pompeii
1121 3359 1153 3412 de
1166 3360 1291 3415 industris
1305 3363 1358 3416 sb-

280 3433 312 3487 sd
321 3433 431 3486 lebulsm
445 3432 654 3506 slluderet‚quoe
666 3448 703 3487 est
714 3435 791 3489 Phe·
839 3432 934 3496 stinet,
964 3433 1032 3505 quod
1054 3435 1170 3490 odiosum
1192 3440 1297 3492 fortusse
1327 3459 1357 3494 es

281 3511 326 3564 dro
344 3511 381 3563 13.
399 3509 529 3564 Postrems
541 3525 616 3566 sunt:
629 3534 643 3560 «
654 3513 720 3584 Turn
740 3512 791 3565 de·-
840 3519 985 3585 tempestate
997 3526 1067 3568 esset.
1077 3513 1173 3568 Sebott.

280 3607 350 3643 mum
369 3589 495 3662 ingemuit
512 3591 583 3644 corvi
599 3592 716 3664 deeeptus
732 3605 792 3644 stu·
872 3590 896 3642 6.
908 3591 944 3642 In
956 3592 1194 3648 haccontrouersia.
1213 3597 1254 3648 Au
1275 3596 1356 3670 igitur

280 3687 334 3742 por.
346 3690 360 3714 »
378 3667 473 3728 Schult.
839 3667 951 3722 suasorie
963 3669 1018 3722 bete
1028 3671 1102 3724 etism
1114 3685 1151 3724 est
1160 3675 1359 3728 controversie?

312 3745 336 3812 i.
348 3743 403 3798 Suo
412 3747 489 3800 mari.
501 3745 573 3811 Suei,
587 3745 688 3816 inquit,
698 3750 788 3811 brieri,
840 3763 916 3798 nemo
930 3747 955 3800 id
968 3747 1065 3802 dixerit.
1079 3751 1145 3807 Mihi
1156 3771 1217 3804 sene
1230 3754 1354 3828 suspicari

275 3826 345 3898 quod
368 3825 436 3879 illios
460 3840 496 3880 est
515 3827 543 3879 iu
565 3835 685 3899 potestate
697 3866 704 3891 ,
727 3827 789 3880 dum
839 3825 909 3878 renit
921 3827 1064 3881 intuentem
1074 3833 1120 3896 ,ab
1130 3831 1175 3897 iis,
1187 3833 1233 3902 qui
1243 3835 1275 3886 sd
1287 3853 1354 3906 prm-

276 3901 376 3976 iugenti
391 3923 498 3957 numero
512 3903 616 3956 nerium
636 3903 705 3956 illius
723 3924 790 3956 non·
839 3905 954 3960 cedentis
966 3907 1011 3960 ists
1021 3907 1076 3962 bsee
1088 3909 1213 3982 pertinere
1227 3913 1294 3966 mele
1310 3913 1353 3965 im-

277 3983 338 4050 dum
361 4003 408 4035 noe
431 3983 587 4038 ostendimus
609 4001 687 4055 pares.
714 3982 788 4036 Flori
836 3983 999 4056 telligebsnt,
1019 3986 1085 4040 bsue
1103 3989 1281 4042 roremnobis
1302 3993 1353 4044 ob-

275 4057 340 4111 illud
352 4059 433 4113 abbis
444 4081 496 4114 nou
504 4059 624 4114 abhorret
632 4059 675 4112 lib.
687 4061 723 4129 ll,
733 4081 788 4136 cup.
836 4075 929 4115 trusam
941 4083 947 4118 :
958 4079 1036 4134 quum
1046 4065 1081 4118 In
1091 4067 1140 4121 buc
1151 4072 1351 4122 remotiorem

272 4135 305 4191 C:
316 4139 459 4194 eCominus
470 4142 539 4196 venit
549 4154 573 4196 et
583 4141 679 4216 pepulit
694 4141 786 4211 (Harr-
836 4141 897 4195 olim
915 4141 1071 4197 scriberetur.
1083 4146 1120 4199 lte
1136 4144 1176 4200 bis
1188 4145 1264 4200 suerit
1279 4145 1350 4200 ridi·
