2874 4808
303 453 368 542 430
625 452 672 516 Μ.
699 447 844 542 tuum
867 450 1046 519 seuseu

301 603 391 651 rere.
407 577 510 672 Quod
520 576 627 646 adme
640 579 772 660 attinet,
785 579 950 662 irascere,
966 578 1082 646 malo¹.
1097 580 1134 648 Si
1146 579 1367 673 parricidium

303 710 372 775 ost,
394 693 497 760 fuisse
524 693 562 759 in
585 691 729 759 diversis
753 688 928 781 partibus,
952 713 1135 784 numquam
1162 693 1370 766 defendisset

303 807 394 903 apud
408 810 572 878 Caesarem
585 807 761 898 Ligarium
776 806 912 874 Cicero,
921 808 1037 876 Marce
1050 810 1164 893 Tulli,
1179 834 1283 901 quam
1294 811 1368 880 lere

298 924 458 1020 judicasti
477 923 607 991 crimen
618 926 646 1004 ²,
662 918 706 988 de
724 943 792 1011 quo
808 919 981 990 confessus
996 922 1052 992 es!
1072 926 1169 994 Dona
1184 926 1311 1011 filiam,
1339 931 1366 996 si

304 1041 496 1109 misericors
517 1061 575 1119 es,
604 1036 828 1128 deprecanti:
850 1038 878 1104 si
897 1036 1025 1124 hostis,
1048 1039 1187 1110 edicto:
1212 1044 1241 1110 si
1257 1059 1364 1134 pater,

303 1174 430 1228 naturae
448 1183 456 1222 ε
475 1157 502 1224 si
513 1153 631 1247 judex,
647 1175 754 1220 cansae
774 1179 782 1220 :
800 1155 827 1220 si
842 1155 948 1232 iratus
961 1179 1013 1236 es,
1032 1155 1127 1225 fratri
1143 1152 1169 1225 ³.

230 1295 250 1310 ··
349 1272 523 1338 Bonosus.
544 1268 633 1334 Ante
649 1268 759 1358 ipsum
776 1264 879 1334 limen
893 1267 1011 1336 domus
1024 1267 1190 1355 decessit,
1207 1295 1253 1339 ne
1265 1271 1368 1340 dubi-

301 1388 365 1458 tari
384 1401 514 1482 posset,
533 1400 645 1452 utrum
665 1382 786 1450 marito
809 1383 971 1475 perisset,
996 1411 1040 1454 an
1064 1387 1167 1479 patri.
1192 1388 1263 1458 Ubi
1296 1405 1368 1461 stu·

302 1505 429 1575 duisti?
447 1503 506 1571 uhi
525 1499 675 1571 audisti?
692 1523 780 1592 nego
797 1517 830 1568 te
849 1503 935 1570 istuc
950 1502 987 1568 in
1006 1501 1096 1571 belio
1111 1503 1287 1574 didicisse.

349 1626 524 1692 Masicen.
543 1622 728 1699 Meruerat,
748 1617 873 1710 inquit,
893 1618 1000 1704 mori,
1019 1620 1203 1688 etiamnum
1216 1625 1369 1692 accusas?

303 1753 396 1809 certe
408 1736 480 1829 jam
496 1734 559 1802 tibi
576 1732 779 1800 satisfactum
797 1746 860 1798 est.
880 1733 1048 1800 Onovum
1061 1735 1267 1806 monstrum!
1285 1739 1368 1807 irato

300 1855 428 1924 victore
446 1847 627 1918 vivendum
647 1841 711 1916 est⁴
734 1873 743 1913 ε
764 1863 900 1916 exorato
914 1864 1012 1941 patre
1031 1851 1246 1920 moriendum
1267 1869 1332 1923 est.

349 1971 511 2038 Psssmsr.
531 1966 666 2033 Utinam
684 1964 938 2032 intervenissem
948 2015 959 2049 ,
978 1989 1049 2034 non
1065 1968 1286 2038 satisfecisses
1301 1971 1368 2038 soia

299 2083 403 2178 patri.
421 2079 601 2148 Furiosum
616 2093 649 2144 tc
663 2075 833 2160 dicerem,
853 2078 881 2144 si
896 2101 959 2170 pro
975 2101 1101 2172 genero
1115 2105 1182 2149 nou
1199 2103 1365 2175 rogasses.

301 2202 444 2270 Secutus
456 2211 508 2264 est
523 2215 629 2288 gener
646 2192 796 2261 diverses
813 2205 939 2284 partes,
958 2219 1042 2264 uxor
1056 2189 1170 2265 suas⁵.

305 2337 308 2344 ⁴
349 2315 499 2381 Ltsreut.
517 2312 609 2394 Hoc,
630 2307 792 2400 obsequio
806 2325 1033 2399 consequatur
1049 2308 1211 2404 denique,
1227 2328 1268 2381 ut
1281 2315 1369 2382 intra

300 2431 438 2502 domum
452 2429 626 2495 moriatur.
642 2427 691 2494 M.
709 2426 791 2492 Cato
801 2416 828 2509 ⁵,
847 2448 915 2515 quo
927 2425 1000 2492 viro
1013 2423 1103 2497 nihil
1116 2428 1304 2519 speciosius
1317 2432 1368 2498 oi·

300 2548 378 2618 viiie
395 2532 575 2639 tempestas
589 2541 730 2610 abstulit
738 2591 749 2626 ,
769 2543 879 2633 potuit
894 2541 1061 2612 beneficio
1075 2545 1218 2614 Ceteris
1232 2550 1364 2630 vivere,

300 2665 388 2736 seut
404 2662 557 2743 Tullius,
576 2660 606 2740 ,tt
626 2657 795 2727 vaurms.
815 2656 952 2750 Optima
968 2658 1080 2728 ervit·
1092 2658 1174 2728 seut
1191 2659 1365 2749 deraso,
1430 2643 1434 2653 '

300 2781 427 2852 oblivio
444 2795 495 2848 est
505 2784 530 2845 ³.

286 2928 294 2960 ¹.
335 2911 356 2944 r.
375 2891 512 2951 Irascere,
532 2891 612 2942 maio.
629 2887 765 2955 Quamuis
784 2901 807 2942 te
855 2897 904 2938 tur.
918 2885 980 2938 infr.
992 2898 1076 2940 temen
1089 2887 1138 2942 hoc
1150 2909 1178 2942 ss
1191 2891 1298 2944 consiiio
1319 2912 1368 2966 ps·

298 2967 509 3042 exonripatiare.
521 2964 600 3020 Paulo
612 2977 683 3038 post:
697 2965 807 3018 «0110-
856 2977 894 3017 ter
912 2965 1039 3019 duriorem
1058 2967 1089 3020 ed
1109 2965 1171 3024 filis
1189 2991 1276 3044 preces
1291 2973 1367 3024 fuisse

298 3066 360 3100 vum
370 3043 522 3098 monstrum!
537 3044 600 3096 irato
612 3045 707 3096 victore
717 3044 808 3098 viven-
856 3040 904 3107 eit,
918 3055 946 3094 ut
956 3044 1031 3097 frater
1040 3065 1085 3118 pro
1095 3046 1138 3099 iiie
1151 3063 1261 3120 rogaret.
1271 3047 1367 3103 Sciam.

301 3125 423 3184 domestt
439 3135 538 3174 exorato
557 3135 624 3193 patre
646 3123 806 3177 moriendum
889 3121 914 3184 4.
936 3119 1013 3172 Irata
1041 3125 1136 3176 uictore
1158 3128 1300 3178 vivendum
1321 3138 1366 3179 est.

300 3212 344 3253 est.
358 3221 371 3246 n
385 3199 483 3253 Setun.
604 3232 608 3241 f
858 3197 947 3248 Victor
966 3197 1008 3249 hie
1028 3212 1096 3272 pater
1115 3215 1163 3265 set;
1183 3203 1229 3275 qui
1246 3217 1366 3273 quatenus

333 3299 355 3331 o.
381 3277 471 3349 Quam
492 3281 542 3331 ieoe
558 3279 685 3341 radicasti
702 3282 807 3333 crimen.
856 3280 937 3330 victor
954 3291 980 3332 et
997 3283 1082 3333 iratos
1103 3282 1131 3335 in
1153 3285 1258 3338 nemine
1278 3287 1364 3348 sevit:

297 3355 416 3432 Respexit
427 3355 526 3408 initium
536 3355 807 3430 Ligarianss,pisnnm
857 3373 951 3428 perque
963 3376 1023 3410 eum
1042 3359 1127 3412 virere
1139 3358 1212 3430 lieet,
1225 3375 1251 3415 et
1268 3363 1289 3416 si
1304 3363 1366 3416 velis

299 3436 538 3494 ironitetsNorum
550 3437 646 3490 crimen
662 3436 690 3490 C.
705 3437 803 3504 Cesar,
855 3452 913 3485 eum
935 3432 1025 3487 iratum
1048 3455 1207 3506 permanere,
1228 3439 1366 3493 vivendum

297 3530 323 3570 et
335 3527 394 3570 ente
404 3515 473 3567 hune
486 3513 553 3566 diem
566 3512 726 3582 inauditum,
742 3537 807 3589 pro·
844 3523 898 3563 'est
911 3512 961 3564 Sed
974 3524 1096 3582 quatenus
1112 3529 1191 3588 pater,
1204 3533 1260 3570 non
1275 3537 1367 3572 uore-

297 3594 408 3670 pinqnus
429 3610 499 3645 meus
522 3593 557 3664 Q.
571 3592 676 3652 ¹'l'ubero
699 3593 807 3658 detulit,
855 3598 903 3652 tur,
917 3587 965 3640 uisi
978 3603 1067 3644 morte.
1077 3591 1171 3645 &huit

299 3674 334 3743 Q.
345 3669 473 3743 Ligarium
484 3669 512 3721 in
521 3666 606 3724 Africa
614 3669 718 3724 fuisse.»
733 3671 807 3724 Gou—
889 3667 912 3717 5·
922 3665 1002 3720 Uxor
1009 3687 1081 3722 suas.
1088 3669 1225 3742 Eleganter
1233 3689 1298 3724 suas
1303 3693 1365 3740 por·

296 3748 371 3803 sessio
379 3767 439 3802 vero
452 3759 507 3819 post
515 3747 589 3818 paulo
601 3745 740 3816 subjicitur,
750 3768 807 3819 qute
855 3751 892 3795 tes
898 3756 990 3818 ¹secuto
999 3745 1090 3799 dicitur
1100 3747 1201 3814 mulier,
1214 3769 1274 3822 qne
1282 3751 1365 3822 sequi-

297 3838 324 3880 et
336 3844 380 3898 per
392 3835 470 3876 totam
483 3823 624 3875 orationem
643 3842 700 3878 cum
717 3823 808 3895 depre-
855 3834 895 3872 tur
906 3823 1024 3876 meritum
1035 3844 1123 3891 snum,
1135 3826 1230 3900 quippe
1241 3830 1282 3881 eui
1294 3829 1365 3882 indi-

294 3899 394 3956 catione
413 3901 467 3954 fuse
479 3911 534 3952 est:
550 3897 675 3966 «Habes,
688 3899 807 3964 Tubero,
855 3899 932 3952 vidua
953 3901 1012 3956 vitre
1031 3903 1147 3956 societate
1167 3905 1304 3975 conjuncta
1320 3919 1364 3960 est.

296 3976 365 4048 quod
386 3990 422 4029 stt
439 3975 577 4029 accusatori
591 3975 698 4027 maxime
711 3987 806 4044 optan-
855 3977 955 4033 Schult.

297 4055 373 4116 dum.
386 4055 546 4108 confitentem
558 4073 639 4106 reum.
650 4077 664 4101 »
675 4052 771 4106 Scitott.
888 4057 912 4110 6.
925 4059 967 4112 M.
982 4057 1056 4126 Ceto,
1068 4060 1163 4114 scilicet
1173 4061 1309 4116 Uticensis.

330 4132 393 4187 3.ὃί
400 4137 484 4186 iratus
496 4133 635 4205 ee,sratn'.
644 4131 726 4184 Fratri
735 4153 804 4185 con·
889 4157 911 4205 7.
933 4137 1043 4206 Optimo
1057 4141 1139 4194 civilis
1155 4141 1218 4194 beto·
1231 4143 1263 4194 de
1274 4144 1359 4202 eurio,

294 4209 362 4263 dona
374 4211 451 4274 itam,
465 4210 510 4281 qui
522 4229 567 4283 pro
579 4228 665 4263 sorore
677 4209 803 4284 deprecat·
853 4211 1200 4286 0b11·vioesr.Quumbettum
1213 4219 1287 4274 eiriie
1298 4239 1358 4293 ges-
