2876 4804
150 735 306 824 Novl
343 731 649 820 Entrottls
684 731 1009 820 MONITUM.

506 1023 688 1054 ψ

5 1411 8 1445 '
100 1425 233 1504 Vunoo
253 1423 350 1499 olim
376 1423 565 1498 creditum
583 1419 786 1518 luissehos
799 1417 1122 1497 Declamationum

22 1539 27 1544 ι
55 1559 171 1636 libros
188 1559 237 1635 ad
262 1559 448 1634 Senecam
466 1557 735 1659 Philosophum
755 1553 992 1646 referendos,
1013 1551 1123 1631 docet

3 1723 4 1742 ¹
57 1691 205 1792 Lipsius
225 1691 340 1790 (vide
368 1687 436 1762 ins.
457 1699 503 1789 p.‘
526 1689 617 1788 11);
646 1714 731 1788 quse
758 1685 916 1789 quidem
939 1687 1123 1762 sententia
1185 1659 1191 1668 ι

1 1885 3 1927 4
67 1851 164 1900 nunc
191 1823 344 1926 explosa
368 1837 424 1898 est
445 1823 613 1898 virorum
638 1819 838 1896 doctorum
860 1819 1036 1922 suffragio
1047 1879 1058 1915 ,
1078 1833 1122 1897 ut

3 1998 6 2047 t
65 1961 341 2034 dissertationes
361 1957 457 2032 inlra
474 1958 606 2059 positae
621 1957 863 2032 manifestum
880 1958 1031 2031 sacient.
1049 1957 1122 2032 At-

2 2048 8 2211 i
62 2108 186 2166 tamen
204 2119 253 2166 ne
274 2091 370 2193 quid
394 2090 527 2183 lector,
547 2105 704 2194 propter
720 2101 889 2166 veterem
906 2085 1011 2164 illam
1034 2089 1122 2191 opi·
1241 2135 1244 2142 ·

4 2212 6 2234 Κ
65 2231 213 2304 nionem
223 2286 235 2319 ,
247 2230 286 2302 in
298 2244 422 2303 nostra
433 2229 583 2304 Senecae
596 2225 762 2303 editione
773 2225 981 2320 desideret,
999 2251 1123 2329 operat

5 2386 9 2494 ι
67 2367 226 2463 pretium
235 2361 412 2438 duximus
422 2359 625 2437 secundam
634 2361 730 2436 hanc
741 2359 1142 2464 partem,siquidem'

7 2504 9 2563 t
68 2492 116 2566 de
131 2519 171 2566 ea
187 2494 440 2569 controversia
454 2507 556 2568 mota
569 2505 648 2585 est,
661 2493 840 2593 operibus
849 2493 1121 2595 philosophicis

8 2703 9 2709 1
68 2623 304 2726 subjungere.
324 2626 418 2699 Nam
435 2625 505 2699 etsi
522 2625 687 2726 plurima
705 2652 751 2700 ex
765 2624 824 2699 his
842 2623 950 2698 libris
964 2624 1089 2720 desint
1105 2680 1117 2714 ,

70 2757 134 2830 etsi
151 2757 287 2831 multos
304 2756 406 2830 locos
417 2755 644 2856 jamdudum
658 2757 731 2832 viri
750 2759 854 2832 docti
870 2756 1118 2855 conclamatos

77 2886 242 2981 habeant,
264 2889 334 2964 etsi
350 2916 470 2990 groeca
484 2890 546 2964 vix
564 2887 642 2963 ullo
662 2891 848 2964 versiculo
862 2891 1009 2990 integra
1023 2890 1117 2980 sint,

74 3011 203 3114 aliquid
224 3029 352 3090 tamen
376 3016 474 3088 inest
496 3016 601 3116 quod
623 3016 865 3118 antiquarum
896 3043 1024 3091 rerum
1047 3037 1119 3093 cu-

69 3142 174 3219 riosos
196 3143 392 3235 detinere,
423 3157 462 3218 et
485 3144 707 3220 litterariam
734 3148 872 3221 horum
902 3162 1117 3250 temporum

69 3275 252 3353 historiam
269 3278 458 3352 illustrare
477 3276 608 3378 possit.

107 3413 267 3487 'l'extum
290 3411 534 3486 Elzevirianse
560 3411 736 3486 editionis
762 3413 904 3505 secuti,
925 3412 1115 3516 quidquid

16 3614 18 3629 ‚
68 3549 215 3623 adeum
243 3548 555 3624 constituendum
581 3561 844 3648 congesserant
860 3549 1112 3650 interpretes,

68 3685 133 3758 lere
149 3685 370 3775 omisimus3
388 3683 576 3784 quidquid
592 3707 680 3755 vero
694 3684 741 3756 ad
754 3682 956 3758 verborum
970 3708 1115 3761 rerum·

68 3841 129 3917 que
143 3818 444 3919 intelligentiam
464 3815 628 3922 ualebat,
650 3809 785 3890 seduld
800 3819 1110 3918 conquisivimus.

59 3953 137 4031 llinc
162 3958 316 4030 sactum
345 3962 420 4038 est,
447 3962 491 4022 ut
514 3949 766 4024 additamenta
798 3951 989 4051 quaedam,
1019 3949 1115 4024 hona

3 4114 4 4118 ‘
52 4093 216 4194 quidem,
239 4084 317 4162 sed
336 4107 414 4161 non
432 4082 635 4160 admodum
654 4083 781 4177 utilia,
803 4108 889 4186 quaa
911 4082 1036 4194 primo
1056 4068 1114 4158 his
