2878 4816
337 447 398 524 172
661 433 708 499 u.
735 431 882 500 annui
906 433 1087 501 suasore

333 555 477 652 gradum
505 581 628 625 census
658 559 837 644 ascendit3
858 583 980 628 census
1009 563 1159 653 equitem
1186 564 1403 634 Romanuma

331 673 431 768 plebe
446 673 632 762 disceruit3
660 699 781 744 census
804 676 841 742 in
859 677 981 744 castris
998 675 1152 746 ordinem
1172 691 1179 725 ¹
1202 694 1396 772 promovet3

331 811 435 858 censu
454 789 561 882 judex
578 793 614 858 in
638 792 712 861 foro
731 792 868 884 legitur.
889 793 965 861 Non
987 796 1177 886 persuadeo
1193 795 1283 864 tibi?
1296 798 1314 865 I
1329 820 1402 891 ergo

331 905 376 975 ad
393 907 470 975 illos
484 931 570 1001 quos
584 910 689 977 mavis
704 911 800 1002 sequi
816 933 917 1002 quam
934 908 1115 980 reducere.

380 1022 478 1090 Fusci
504 1021 646 1090 Ausum
675 1046 799 1091 rtrnu.
831 1023 983 1093 Facilius
1008 1048 1146 1118 possum
1175 1042 1400 1120 paupertatem

331 1136 491 1226 laudare,
512 1163 615 1232 quam
633 1139 737 1209 ferre.
759 1140 855 1232 Quid
877 1142 962 1208 mihi
980 1141 1218 1211 Phocionem²
1239 1141 1402 1235 loqueris?

331 1253 417 1344 quid
436 1255 646 1324 Aristidem?
667 1261 768 1326 Tunc
785 1275 967 1352 paupertas
989 1275 1066 1350 ¹orat
1093 1258 1219 1328 saeculi.
1247 1255 1340 1350 Quid
1357 1255 1399 1323 lo·

330 1370 447 1461 queris
460 1371 660 1442 Fabricios?
672 1374 769 1467 Quid
784 1376 1019 1444 Coruncanios
1030 1365 1042 1410 ³
1054 1377 1069 1442 Ρ
1081 1377 1216 1468 Pompae
1231 1376 1400 1442 istaexcm·

331 1485 400 1581 pla.
417 1489 599 1562 Fictilibus
615 1491 753 1561 luerunt
767 1491 816 1560 dii
834 1492 972 1579 faciles3
991 1491 1055 1560 tibi
1075 1517 1143 1561 non
1163 1493 1302 1562 noveris
1318 1489 1399 1558 divi-

328 1604 393 1672 tias
406 1629 479 1674 esse
492 1625 741 1700 paupertatem.
770 1608 868 1702 Quid
892 1634 953 1679 vos
979 1610 1097 1679 liberis
1117 1611 1241 1679 vest-ris
1263 1608 1397 1702 optatis?

328 1725 401 1816 Ego
421 1747 496 1792 meo
515 1726 697 1818 imperium
713 1721 742 1793 ⁴.
821 1811 823 1818 Ι

378 1904 558 1972 DIVISIO.
579 1909 655 1974 Non
669 1923 751 1999 puto
765 1930 826 1975 vos
851 1931 1023 1998 quaererc‚
1045 1908 1216 2000 quomodo
1239 1908 1308 1976 haec
1321 1929 1395 1974 oon·

328 2021 495 2088 troversia
509 2021 616 2090 divisa
633 2023 692 2106 sit,
715 2049 819 2116 quum
834 2023 959 2092 habeat
976 2023 1104 2114 negotii
1121 2022 1223 2090 nibil.

377 2135 499 2201 Fuscus
516 2151 629 2202 tamen
646 2138 695 2204 sic
710 2136 826 2204 divisit
843 2163 852 2204 ι
871 2138 956 2204 Dico
975 2135 1059 2204 mihi
1075 2136 1209 2204 licuisse
1224 2135 1391 2227 adoptare:

329 2249 407 2317 dico
427 2251 510 2317 mihi
534 2252 669 2320 licuisse
689 2277 848 2336 recusare
875 2253 1093 2348 adoptionem
1111 2279 1119 2320 :
1135 2250 1212 2320 dico
1243 2253 1340 2321 etiam
1363 2261 1394 2314 ut

329 2393 396 2436 uon
413 2369 547 2437 licuerit
563 2364 589 2454 ⁵,
610 2387 703 2439 recte
725 2387 837 2440 tamen
861 2395 1060 2440 recusasse:
1082 2388 1116 2439 et
1140 2371 1234 2463 quod
1246 2371 1323 2464 jure
1339 2368 1391 2447 fit,

326 2511 446 2557 verum
465 2502 514 2556 est
527 2485 555 2572 ⁶,
571 2505 605 2556 et
617 2490 711 2582 quod
728 2491 801 2558 sine
815 2492 893 2582 jure
909 2511 1046 2581 quoque
1072 2491 1239 2556 rationem
1260 2485 1390 2565 babeat,

329 2621 422 2676 recte
435 2607 487 2675 fit.
503 2605 620 2698 Quum
639 2607 776 2699 dejure
795 2606 944 2687 diceret,
961 2605 1045 2673 dixit
1063 2631 1070 2672 :
1090 2605 1161 2675 Sub
1175 2605 1334 2698 arbltrio‚
1347 2602 1393 2667 io-

330 2725 425 2814 quit,
447 2724 554 2816 patris
568 2748 642 2792 sum
660 2749 668 2791 ε
689 2740 724 2791 et
739 2725 805 2791 hoc
819 2721 984 2814 subjicior
997 2723 1083 2813 patri
1098 2769 1106 2798 ‚
1127 2722 1209 2813 quia
1219 2723 1296 2815 pius
1307 2739 1389 2786 sum:

329 2841 365 2908 in
379 2841 445 2908 hoc
462 2842 535 2908 sine
555 2841 681 2922 dubio,
703 2857 739 2908 ut
762 2841 838 2932 pius
852 2841 936 2907 sim:
954 2855 988 2907 et
1000 2838 1043 2905 ad
1064 2861 1198 2906 manum
1223 2855 1391 2932 argumen-

329 3053 440 3104 menquc
453 3033 588 3086 intercidat
599 3051 606 3086 z
621 3032 705 3086 Greci
716 3031 840 3092 ἕκποίησιν
890 3031 935 3084 lib.
946 3033 999 3086 lll:
1010 3029 1092 3084 «Talis
1102 3032 1127 3084 in
1137 3031 1252 3086 bacurbe
1263 3027 1387 3088 Fabricius,

329 3125 436 3174 vocant,
461 3131 512 3181 qua
532 3111 629 3164 alienos
653 3109 726 3163 nobis
748 3111 841 3164 liberos
891 3107 1359 3192 qualisrrltlrcuis·Aristides.»Scholi-

329 3189 841 3260 orbiadsciscimus:differtqueabAdro-
924 3193 948 3244 3.
961 3191 1037 3263 Quid
1046 3193 1232 3244 Coruncanios.
1246 3190 1294 3241 P'ro
1305 3189 1387 3242 corsu-

329 3269 446 3342 gationc,
460 3268 526 3338 quod
541 3269 566 3320 in
580 3268 627 3322 bac
640 3267 708 3321 lilius
721 3268 759 3320 sui
769 3268 840 3336 juris,
890 3272 1009 3328 conicum,
1025 3287 1100 3337 quem
1113 3287 1172 3322 curn
1191 3268 1228 3320 M.
1246 3267 1320 3319 Curio
1334 3273 1354 3314 st
1363 3257 1386 3309 C·

328 3369 355 3401 se
366 3349 539 3421 adoptandum
551 3350 609 3414 dat;
621 3350 647 3402 in
660 3349 704 3401 illa
716 3360 800 3401 autem
813 3347 841 3400 li·
891 3346 1009 3399 Fabricio
1020 3348 1130 3398 Luscino
1143 3344 1342 3416 conjunctissime
1352 3353 1387 3387 tt·

329 3427 507 3490 limlamibas,
528 3449 543 3480 a
567 3441 685 3501 parente,
704 3427 750 3478 sub
768 3427 841 3497 cuius
890 3427 970 3488 sisse,
985 3439 1009 3477 et
1021 3425 1089 3498 frugi
1101 3425 1235 3490 homines,
1246 3421 1388 3486 maxiusqu

330 3509 478 3559 auctoritate
500 3519 557 3572 est,
583 3506 741 3578 adoptandus
762 3509 841 3556 datur.
892 3505 1045 3558 abstinentes
1056 3505 1147 3574 luisse,
1162 3501 1252 3560 Cicero
1265 3501 1331 3557 sitin
1340 3497 1387 3549 11⁸·

331 3583 492 3640 Vidlustiu.
505 3587 557 3638 lus.
570 3583 614 3637 lib.
627 3587 656 3644 l,
673 3583 707 3635 tit.
721 3598 761 3645 tr,
778 3583 794 3631 l.
811 3601 829 3633 ι.
893 3582 937 3635 Ιίο.
949 3581 1047 3634 Sciron.

364 3681 385 3714 t.
400 3663 498 3714 Census
509 3667 536 3713 in
546 3666 640 3714 castris
653 3663 778 3713 ordinem.
790 3661 841 3712 ao·
924 3661 947 3724 4.
960 3659 1018 3728 Epo
1038 3678 1096 3711 meo
1117 3663 1264 3727 imperium.
1282 3648 1388 3710 sonato

328 3743 400 3796 ducit
409 3742 493 3795 locum
502 3742 576 3795 istum
586 3743 682 3812 Lipsius
695 3741 840 3793 Commont.
890 3736 1009 3789 admovet
1033 3736 1201 3803 ambitionis,
1218 3753 1294 3809 quum
1317 3728 1388 3783 mint*

328 3822 362 3874 ad
378 3819 840 3882 AnnalTacitilib.l,uteoostan·
889 3833 966 3888 oporn
986 3814 1080 3866 furiosa
1104 3816 1223 3887 cupidine
1248 3812 1387 3866 inflammo

328 3899 370 3952 dat
380 3917 471 3951 census
483 3899 606 3950 rationem
620 3895 732 3948 habitam
745 3896 772 3946 in
784 3915 839 3967 pro·
890 3892 1006 3944 animum
1020 3890 1069 3944 lilii
1082 3905 1174 3965 posset.
1185 3891 1284 3946 Schola
1361 3959 1367 3972 ι

326 3977 462 4032 movendis
474 3975 614 4030 ordinibus.
925 3975 947 4024 5.
964 3969 1002 4024 Ut
1013 3991 1065 4024 nou
1076 3975 1185 4026 licuerit.
1199 3973 1285 4026 Licere
1296 3961 1385 4020 iutellt·

362 4077 384 4108 α.
400 4055 477 4127 Quid
486 4055 552 4107 milri
568 4053 732 4106 Phocionem.
747 4053 788 4102 Do
801 4050 840 4103 bis
891 4051 941 4122 git,
954 4050 1095 4121 quodjuris
1106 4049 1283 4123 scriptiverbis
1295 4057 1327 4098 est
1336 4055 1385 4096 τοῦ·

327 4137 447 4190 omuibus
460 4133 607 4188 Plutarrbus
620 4143 642 4185 ct
652 4130 782 4194 Valerius,
795 4129 839 4182 lib.
890 4147 996 4182 cessum.
1008 4127 1110 4183 Scisti.

327 4215 361 4274 -V,
374 4213 578 4282 c.3,0ttib.lv‚
590 4231 610 4264 c.
620 4214 641 4278 4.
652 4204 840 4276 Cicero‚0llir.
922 4209 946 4260 li.
960 4211 1063 4263 Verum
1085 4221 1131 4264 est.
1153 4208 1185 4262 ld
1208 4219 1258 4273 est,
1279 4209 1385 4274 :qnam
