2876 4804
378 438 1337 476 M

643 603 831 712 Ntcotnl
855 603 983 670 FABRI
1009 603 1038 672 J.
1048 604 1087 670 C.

850 764 888 802 tn

358 883 420 968 Μ.
455 879 684 970 ANNAEI
715 875 989 969 §tENECAE
1020 878 1381 967 RHETORIS

805 1051 939 1109 LIBROS

731 1184 1002 1252 PRAEFATIO.

382 1443 561 1506 Doctorum
582 1437 735 1527 suffragio
758 1454 925 1527 receptum
944 1453 1008 1518 est,
1031 1438 1093 1502 hos
1110 1435 1414 1513 Declamationum

321 1527 407 1614 'sive
431 1548 728 1612 Controuersiarum
750 1545 849 1609 libros
875 1567 942 1609 esse
972 1544 1100 1608 Senecae
1123 1546 1278 1626 rhetoris,
1305 1547 1414 1613 Lucii

343 1654 588 1718 AnnaeiSenecoe
594 1651 777 1740 philosophi
784 1650 890 1738 patris.
900 1650 1319 1737 Argumentaquibussuam
1329 1677 1415 1719 sen·

343 1759 473 1823 tentiam
489 1757 699 1839 fulciunt,vir
713 1756 818 1845 magni
828 1755 938 1842 judicii
947 1754 1192 1843 ,rarissimaeque
1208 1757 1414 1825 eruditionis

343 1865 569 1956 etbdoctrinae,
591 1864 700 1928 Justus
717 1863 840 1951 Lipsius
849 1861 1034 1925 Electorum
1047 1861 1152 1950 primo
1163 1862 1217 1945 lib.
1234 1864 1411 1952 vulgavit:

344 1995 363 2036 a
375 1993 441 2059 quo
453 1970 680 2058 elegantissime
689 1968 803 2056 scripta
812 1967 877 2056 peti
886 2015 895 2050 ,
905 1991 1001 2055 quam
1013 1967 1115 2032 aliena
1124 1969 1191 2034 huc
1202 1957 1412 2056 transferre,

346 2075 395 2140 vel
402 2077 559 2138 invertere
569 2075 692 2140 malui¹.
703 2075 734 2138 N
737 2097 773 2137 ec
784 2095 895 2137 recens
906 2096 942 2137 ac
952 2074 1092 2162 primum
1100 2091 1209 2139 nostra
1220 2091 1310 2139 oetate
1324 2094 1413 2156 nata

345 2183 464 2271 opinio.
473 2180 616 2269 Raphael
631 2181 715 2244 enim
726 2179 952 2244 volaterranus
968 2181 1017 2243 sui
1033 2181 1137 2268 operis
1152 2181 1276 2246 decimo
1286 2206 1411 2268 non0,

346 2319 360 2345 ι
376 2288 522 2367 Marcus,
538 2286 658 2373 inquit,
671 2285 810 2350 Annaeus
822 2286 952 2367 Seneca,
962 2285 1147 2374 philosophi
1158 2303 1258 2374 pater,
1271 2288 1412 2372 Cordu-

347 2425 359 2450 ιι
376 2393 481 2457 bensis
496 2406 528 2454 et
537 2393 690 2479 equestris
703 2390 831 2472 ordinis,
839 2415 875 2456 ac
885 2390 1113 2457 eruditissimus
1127 2392 1188 2456 fuit
1200 2416 1210 2457 z
1223 2409 1259 2457 ut
1270 2397 1326 2458 cui
1338 2397 1412 2463 De-

347 2531 360 2556 ι
378 2499 595 2579 clamationes,
606 2522 676 2586 quse
682 2497 736 2562 filii
744 2496 895 2562 dicuntur
902 2497 1411 2578 esse,uonnullireferant.»Tan-

346 2621 416 2669 tum
432 2628 503 2693 quae
522 2603 704 2668 dubitanter
724 2604 872 2691 protulit,
891 2627 951 2667 nos
970 2619 1155 2667 constanter
1169 2627 1409 2678 asseveremus,

390 2711 509 2776 Dehoc
516 2701 757 2775 autemsenecae
765 2726 857 2798 ¹patre
868 2709 954 2799 apud
964 2712 1111 2797 antiquos
1118 2711 1216 2776 altum
1225 2713 1409 2784 silentium.

347 2817 444 2883 Filius
459 2815 545 2906 apud
562 2817 746 2879 Cornelium
766 2815 912 2878 Tacitum
930 2837 964 2878 se
984 2815 1140 2903 equestri,
1158 2799 1194 2881 ae
1210 2821 1411 2906 provinciali

346 2925 420 2989 loco
434 2941 542 2989 ortum
555 2921 725 3011 profitetur
740 2942 748 2986 :
764 2920 805 2986 de
818 2944 884 3010 quo
896 2938 1001 2986 tamen
1013 2946 1079 2987 non
1090 2939 1137 2988 est
1147 2923 1299 3008 dubium,
1317 2931 1409 3014 quin

347 3031 408 3094 sub
425 3031 500 3093 Ceio
520 3044 551 3092 et
566 3028 656 3090 initio
674 3027 798 3117 imperii
815 3027 1062 3116 Claudii‚quum
1080 3031 1220 3118 primum
1235 3031 1356 3113 Gallio,
1371 3053 1411 3102 et

348 3136 467 3200 Seneca
483 3133 564 3198 filius
577 3133 775 3196 innotescere
786 3150 968 3223 coeperunt,
983 3135 1076 3222 plura
1091 3134 1220 3218 dixerit,
1236 3161 1306 3226 quae
1321 3164 1410 3208 cum

348 3243 467 3306 horum
477 3257 661 3331 temporum
673 3240 805 3303 historia
819 3240 1059 3306 interciderunt.
1081 3243 1199 3331 Neque
1215 3245 1298 3309 enim
1317 3250 1410 3313 veri-

349 3349 447 3413 simile
463 3363 510 3411 est
524 3363 641 3411 exactae
656 3345 822 3434 diligentiae
835 3347 1041 3435 scriptorem,
1056 3349 1145 3437 quod
1161 3352 1192 3414 in
1207 3353 1325 3415 caeteris
1342 3355 1408 3419 ali-

350 3457 440 3540 cujus
448 3454 585 3517 nominis
596 3443 775 3540 exequutus
786 3468 843 3533 est,
851 3454 1010 3517 clarorum
1022 3455 1201 3538 homiuum,
1208 3458 1408 3547 prioresque

350 3577 454 3648 partes
475 3560 509 3623 in
525 3559 698 3648 Republica
714 3559 902 3623 habentium
921 3583 1037 3649 genus,
1058 3563 1210 3648 patriam,
1231 3581 1406 3652 parentes,

350 3666 420 3729 vitre
439 3666 597 3730 rationem
609 3685 881 3753 progressumque
896 3667 1044 3731 omisisse.
1066 3665 1153 3749 Quin
1169 3685 1200 3732 et
1214 3669 1297 3732 libro
1312 3669 1406 3737 deci-

395 3881 418 3915 r.
434 3863 522 3929 Quem
535 3879 598 3916 tero
607 3861 631 3917 J.
645 3861 730 3935 Ltpsii
742 3863 843 3917 librum
862 3882 946 3935 quum
964 3865 1087 3937 plerique
1100 3835 1213 3941 lectores
1230 3868 1259 3919 in
1274 3871 1410 3929 munibus

271 3953 275 3964 '
352 3977 407 4012 nou
427 3958 562 4026 habeant,
584 3960 673 4013 locum
689 3959 734 4013 hic
750 3959 900 4032 exscribere
916 3962 998 4016 setius
1010 3964 1093 4016 visum
1106 3973 1153 4016 est
1167 3963 1255 4032 Quem
1266 3963 1328 4017 vide
1341 3985 1409 4039 post

354 4056 423 4109 hane
432 4053 624 4127 prelationem.
637 4055 690 4110 En.
