2866 4814
319 467 366 560 '9⁶
647 465 695 530 u.
722 461 867 530 tuum
890 461 1070 530 suasca

320 595 442 667 menda
459 619 509 664 es.
530 596 630 666 Nulla
647 599 726 665 satis
746 596 872 691 pudica
883 611 952 682 est,
973 595 1017 664 de
1035 619 1103 688 qua
1116 598 1299 689 quaeritur.
1323 598 1394 664 Nou

320 716 468 808 legerem
483 729 516 781 te
532 713 763 794 sacerdotem,
782 714 883 780 mam
900 712 929 781 si
943 713 1112 781 sacerdoti
1126 713 1307 781 servisses.
1323 711 1395 780 Vir

319 833 433 922 giuom
450 853 524 899 esse
548 829 757 899 sacerdotem
779 836 948 913 nostram,
981 830 1039 920 qui
1063 826 1263 896 credimus?
1282 839 1395 894 mere-

320 946 410 1029 trici,
424 947 550 1028 leuoui,
562 949 706 1039 piratis?
721 945 796 1013 haec
808 938 1045 1012 euim'testium
1061 965 1190 1012 summa
1202 959 1271 1012 est.
1287 943 1394 1012 Casti·

320 1065 490 1156 gationem
503 1085 543 1130 ex
550 1063 723 1155 pontificis
736 1062 872 1131 maximi
886 1059 1031 1127 arbitrio
1043 1057 1390 1141 merueratsacerdos,

320 1180 349 1246 si
363 1195 398 1248 te
409 1201 429 1245 e
439 1177 593 1270 lupanari
608 1173 818 1244 redemisset.
830 1175 999 1244 Convenit
1011 1176 1119 1243 omuia
1128 1174 1391 1244 libidinosorum

320 1295 440 1376 turba,
458 1309 493 1360 et
508 1294 682 1361 concurrit
693 1291 738 1360 ad
750 1296 965 1360 meretricem
981 1313 1116 1360 novam.
1133 1291 1227 1360 Illud
1241 1308 1337 1360 cene
1348 1292 1392 1359 fa·

323 1409 464 1493 teberis,
476 1409 640 1501 pudicitia
652 1423 710 1476 tua
722 1403 1264 1500 precaria'est¹.'l'otiutraveruut
1276 1405 1392 1475 cellum

260 1601 262 1604 ,
322 1541 412 1593 tuam
433 1524 657 1617 gladiatores,
677 1537 726 1590 tot
740 1524 884 1614 juvenes
902 1521 1008 1609 ebrii,
1026 1536 1063 1590 et
1075 1547 1192 1592 omues
1205 1538 1289 1591 aute
1306 1522 1391 1590 mili-

322 1657 390 1710 tem
408 1641 566 1707 inermes.
581 1641 654 1731 Ego
665 1637 756 1705 illam
765 1635 841 1705 dico
851 1640 1039 1730 prostitisse
1049 1663 1058 1704 ι
1070 1635 1129 1705 illa
1142 1661 1181 1707 se
1194 1637 1284 1708 dicit
1296 1639 1389 1705 etism

323 1756 544 1828 mendicasse.
568 1752 772 1824 Pudicitiam
799 1754 982 1822 sacerdotis
1007 1777 1091 1824 mee
1112 1756 1213 1824 etism
1240 1755 1388 1824 carnifici

323 1876 446 1944 debeo.
831 1959 835 1968 ὓ

370 1990 462 2060 Juutr
482 1991 680 2057 Gamrouts.
708 1986 897 2074 Ambitiosa
921 1987 973 2058 lex
1002 2004 1075 2074 est,
1101 1987 1144 2058 ad
1167 1989 1387 2058 sacerdotium

324 2118 412 2172 uotae
428 2125 497 2170 nou
514 2102 702 2171 sanctitatis
716 2115 865 2184 tautum,
888 2100 950 2170 sed
965 2101 1137 2170 felicitatis
1151 2101 1314 2171 admittit.
1329 2102 1387 2167 lu-

323 2220 430 2312 quirit
441 2220 480 2286 iu
493 2216 654 2309 majores,
669 2218 706 2286 in
717 2239 859 2310 eorpus,
874 2220 910 2285 iu
923 2220 1039 2286 vitam.
1054 2217 1140 2287 vide
1155 2233 1209 2299 tu,
1231 2212 1388 2311 quemad·

324 2335 461 2403 modum
481 2349 548 2402 tam
573 2355 711 2401 morosae
729 2332 798 2426 legi
820 2333 1017 2403 satisfacias.
1034 2335 1140 2428 Capta
1156 2359 1194 2421 es
1211 2334 1385 2428 apiratis:

323 2453 416 2518 iuter
433 2473 568 2532 servos,
586 2450 677 2518 iuter
693 2449 954 2537 homicidas„iu
972 2449 1040 2519 illis
1054 2441 1268 2545 myoparonis
1282 2473 1383 2542 augu-

325 2565 398 2633 stiis
410 2565 551 2658 spatiata
565 2587 613 2632 es.
630 2561 825 2634 Viderimus
837 2561 921 2654 quid
934 2564 971 2630 iu
988 2579 1020 2631 te
1032 2564 1159 2634 audere
1175 2566 1326 2658 potuerit
1340 2562 1385 2628 sa·

324 2679 407 2745 ritas
419 2668 587 2761 bostium,
609 2674 717 2744 libido
734 2674 980 2759 barbarorum,
999 2676 1139 2748 licentia
1163 2676 1381 2748 dominorum.

324 2793 463 2862 Certum
471 2792 594 2874 babeo,
609 2789 878 2882 Judices‚.quum
889 2791 980 2861 banc
990 2791 1162 2864 feritatem
1169 2794 1383 2866 barbarorum

324 2907 486 2992 audiatis,
504 2907 624 2976 favetis
641 2907 716 2990 illi,
740 2921 779 2977 ut
796 2910 1045 3002 quamprimum
1062 2926 1168 2979 mutet
1180 2912 1380 2982 servitutem·

324 3021 381 3090 Sic
398 3023 496 3092 istam
514 3039 735 3091 servaverunt
747 3024 884 3118 pirate,
903 3025 1187 3118 quemadmodum
1198 3030 1258 3119 qui
1276 3020 1380 3096 unse

323 3153 435 3206 esseut
457 3137 643 3208 vendituri.
668 3140 764 3208 Stare
782 3142 820 3208 iu
838 3138 898 3208 illo
921 3138 1066 3224 ordine,
1089 3165 1130 3211 ex
1158 3141 1277 3214 eadem
1302 3133 1380 3208 vesci

290 3247 291 3252 ἵ
325 3278 460 3338 meuse,
480 3257 516 3324 in
533 3280 574 3324 eo
592 3257 665 3326 loco
681 3258 815 3339 vivere,
835 3258 872 3324 iu
889 3280 957 3353 quo
983 3258 1085 3326 etiam
1108 3260 1137 3326 si
1164 3282 1233 3327 uon
1252 3251 1380 3352 patiaris

325 3384 498 3463 stuprum,
512 3371 641 3440 videas.
654 3372 787 3465 Aliquis
800 3372 939 3442 sortasse
952 3374 1110 3443 iuventus
1123 3391 1197 3462 est,
1213 3399 1314 3468 quem
1325 3371 1380 3440 boc

323 3487 434 3579 ipsum
448 3488 617 3569 irritaret,
634 3485 726 3580 quod
738 3485 894 3582 rogabas.
908 3489 986 3580 Ipse
998 3504 1111 3560 autem
1124 3489 1203 3561 leno
1216 3481 1380 3586 pepercit?

324 3603 522 3696 Ignorumus
535 3603 639 3687 istos,
654 3603 780 3696 quibus
790 3603 847 3672 vel
859 3603 925 3673 boc
934 3605 971 3671 iu
982 3605 1146 3696 ejusmodi
1161 3623 1292 3699 quaestu
1303 3625 1380 3700 pru·

325 3719 426 3814 cipue
452 3721 583 3814 placet,
613 3719 704 3813 quod
730 3720 894 3793 illibatam
909 3721 1168 3814 virginitatem*
1188 3723 1377 3820 decerpunt.

319 4019 320 4024 Ἰ
343 3959 837 4052 ¹1.l²udifnliotuoprecarioest·b¹¹·
885 3975 1326 4043 quoditausiariormudomiuoruu
1334 3971 1379 4040 ,ab

326 4057 393 4090 xime
401 4036 427 4090 td
437 4040 676 4110 [astrorumquum
685 4061 711 4093 ru
719 4051 836 4114 potestate
886 4051 951 4125 jecta
962 4053 1011 4124 juri
1024 4067 1047 4108 et
1061 4058 1177 4128 potestati
1187 4058 1257 4116 iltius
1274 4051 1378 4134 pudicitia

327 4129 390 4167 esset
401 4115 547 4187 piratarum,
562 4119 835 4190 mangonis,1euonis;
885 4131 974 4184 iuerat.
987 4131 1086 4188 ScbuIt.

327 4209 379 4260 quo
401 4194 456 4263 ipso
482 4197 606 4269 impurata
628 4199 705 4268 pouit
736 4199 836 4255 videri:
919 4225 942 4260 a.
974 4207 1158 4280 ertmtatm
1182 4215 1324 4286 decemml·
1346 4207 1376 4260 θ’
