2878 4816
314 339 759 414 conrnovnnsunou
781 348 864 414 us.
889 347 943 430 11,
963 353 1003 438 9.
1137 350 1198 428 ιω

112 469 222 538 babeo
232 519 246 556 ‚
263 488 297 538 et
319 494 418 554 eum,
439 470 496 538 cui
520 495 589 539 non
603 471 890 566 omnesplacen13
911 470 980 540 hoc
999 475 1091 542 enim
1110 473 1199 543 malo

110 583 249 668 dicere,
270 610 396 678 quatu,
413 610 530 656 omnes
552 612 622 657 non
643 587 792 683 placent.
813 588 973 680 Nontibi
992 589 1198 684 permultos

110 705 242 772 liberos
259 704 346 772 fulta
360 703 481 772 domus
497 721 548 772 est
557 756 569 790 ,
589 730 703 799 neque
721 706 822 774 turba
836 706 935 775 lateri
953 709 1196 791 circumerrat,

103 846 173 890 nec
187 821 321 890 multus
332 822 422 889 intra
435 820 540 889 limen
550 821 661 891 haercs
677 849 686 889 ε
702 847 907 919 quamquam
918 848 983 892 nec
996 825 1046 894 sic
1057 825 1198 918 quidem

6 985 7 992 κ
100 939 262 1008 debuisti
277 937 374 1022 dare,
389 963 496 1031 quum
510 939 593 1008 deos
604 964 683 1009 cum
695 943 782 1010 votis
794 943 900 1034 patris
911 940 1057 1011 vidisses
1066 959 1199 1012 certun-

4 1092 5 1129 .
100 1071 181 1124 tes:
205 1071 243 1124 et
271 1055 379 1123 tutior
405 1054 568 1124 adversus
597 1055 769 1124 fortunam
794 1072 863 1142 est,
885 1058 942 1125 cui
961 1057 1096 1151 aliquid
1121 1073 1198 1153 post

100 1172 276 1241 damnum
289 1186 466 1265 superest:
483 1187 517 1238 et
527 1170 692 1240 babemus
704 1173 914 1266 exemplum,
931 1197 1029 1268 posse
1045 1175 1196 1268 aliquem

100 1307 178 1359 tres
193 1290 289 1358 filios
305 1286 464 1384 perdere.
475 1273 539 1356 Ille
548 1290 683 1358 Croesus
693 1290 784 1358 inter
793 1314 892 1382 reges
905 1291 1195 1384 opulentissimus,

99 1408 150 1476 ad
162 1410 360 1476 tormenta¹
374 1422 451 1500 post
467 1423 602 1501 tergum
615 1408 740 1476 vinctis
752 1406 908 1476 manibus
923 1407 1044 1478 ductus
1054 1429 1117 1480 cst.
1125 1415 1195 1498 Tu,

103 1525 256 1608 Crasse,
277 1538 356 1616 post
369 1525 554 1618 evestigata
573 1522 632 1592 illa
647 1525 870 1619 fugitivorum
887 1549 982 1596 arma
993 1531 1006 1559 ²
1019 1525 1116 1595 urbis
1127 1530 1197 1596 Ro-

21 1721 24 1728 ,
102 1665 216 1710 manae
231 1639 440 1728 ditissimus,
460 1641 520 1732 qui
548 1664 640 1708 nunc
663 1639 755 1734 apud
769 1639 914 1709 Parthos
936 1665 1017 1736 eges
1036 1643 1193 1737 sepulcro

104 1779 262 1849 quoque.
284 1757 384 1826 Dicta
404 1772 569 1850 preterca
595 1757 655 1825 illa
683 1758 976 1851 corrumpentium
1001 1782 1071 1826 nou
1095 1759 1189 1848 fero3

1 1950 2 1961 χ
105 1874 247 1964 quoties
267 1873 359 1941 enim
377 1875 469 1942 inter
483 1873 622 1943 diritius
639 1898 717 1942 suas
731 1874 884 1968 exemplo
897 1876 993 1944 istam
1011 1878 1194 1970 posueritis

106 1990 271 2077 domum,
293 1990 454 2060 meliores
479 1990 680 2085 perdentem
709 1990 839 2060 divitiis
864 1994 934 2061 suis
952 1994 1106 2064 liberos?
1127 1994 1194 2066 boc

107 2107 178 2175 acio
201 2123 339 2176 nostros
356 2107 460 2176 fuisse
477 2103 647 2204 majoreo³
664 2136 673 2175 ι
689 2108 756 2177 hoc
772 2109 870 2178 illum
890 2110 1016 2178 AElium
1031 2109 1194 2180 Tubero-

107 2214 229 2310 ncm⁴,
249 2225 349 2316 cujus
360 2240 544 2318 paupertas
555 2227 664 2294 virtus
678 2225 743 2293 fuit
758 2254 766 2296 :
783 2227 850 2295 boc
865 2227 1082 2313 Fabricium,
1102 2229 1193 2299 Sam·

110 2341 235 2408 uitium
261 2365 334 2409 non
363 2338 589 2434 accipientem
617 2367 793 2412 munera:
821 2343 889 2413 hoc
915 2359 1054 2415 ceteros
1076 2363 1192 2440 patrea

112 2473 263 2542 nostros,
278 2482 363 2550 quos
376 2457 470 2551 apud
481 2475 594 2527 aratra
608 2451 621 2494 ⁵
636 2460 710 2553 ipsa
722 2461 883 2529 mirantes
897 2460 1021 2530 decora
1036 2487 1113 2549 sua,
1128 2467 1194 2534 cir·
1233 2553 1235 2560 y

112 2590 317 2643 cumstetere
333 2575 484 2644 lictores.
501 2577 657 2671 surgite,
677 2579 821 2672 surgite,
837 2580 999 2670 juvenes:
1010 2605 1123 2651 meum
1136 2609 1193 2653 ro·

114 2691 224 2785 gando
241 2707 398 2786 patrem,
417 2709 568 2763 restrum
587 2718 708 2789 rogare
728 2693 865 2764 discite.

158 2811 306 2876 Belum.
318 2810 407 2878 Tres
423 2813 563 2903 genuit:
578 2827 725 2904 quatuor
733 2811 882 2880 abdicat.
898 2811 1049 2902 Abdico,
1061 2815 1188 2908 inquit;

115 2939 257 3019 apparet
274 2924 367 2994 unde
381 2929 512 2997 venias.

146 3102 224 3152 uAd
233 3111 371 3154 tomenta.
379 3103 447 3156 Nota
458 3125 487 3157 cx
494 3105 626 3159 Herodoto
676 3126 690 3159 a
704 3107 741 3159 M·
756 3106 846 3162 Crasso
863 3121 968 3180 pretore
984 3123 1097 3182 gestum,
1119 3113 1187 3167 idem

115 3177 216 3232 historia
226 3198 235 3233 t
244 3178 339 3232 victum
352 3201 366 3232 a
377 3180 446 3253 Cyro
457 3181 573 3236 Croetum
580 3223 589 3247 ‚
602 3197 628 3236 et
676 3187 784 3258 Appian.
796 3186 839 3240 lib.
853 3188 864 3238 l
878 3203 987 3243 extremo
1001 3189 1134 3244 Bellorum
1154 3194 1190 3246 ci-

116 3278 190 3330 reguo
200 3269 324 3324 exutum,
338 3257 399 3311 dum
412 3260 541 3332 Babyloni
554 3263 627 3316 auxi·
676 3264 774 3317 vilium.
785 3266 877 3318 Sciron.

115 3336 174 3390 lium
186 3337 253 3389 serre
271 3337 363 3390 studet.
378 3338 418 3390 Tu
431 3337 487 3412 lege
496 3339 627 3394 Iustinum
710 3341 855 3395 3.Hocscio
864 3353 965 3398 nostros
966 3345 1057 3414 fuisse
1066 3357 1187 3415 majores.

115 3415 153 3468 lib·
171 3417 191 3468 l.
204 3416 247 3468 De
267 3414 360 3468 Cresco
378 3436 460 3482 vero,
480 3417 514 3470 ad
537 3417 627 3472 Carras
678 3422 756 3490 Quod
766 3441 858 3495 nempe
871 3443 919 3494 ogo
930 3437 955 3476 et
972 3437 1000 3477 tu
1011 3445 1115 3493 sumus,
1127 3451 1191 3503 pau-

117 3515 167 3547 cum
177 3493 251 3546 omui
261 3494 371 3546 exercitu
378 3494 411 3547 ad
424 3494 628 3550 internecionem
678 3521 747 3574 peres
759 3513 783 3552 et
794 3513 888 3555 tenues·
899 3501 997 3556 Schult-

117 3591 201 3626 ωσι
221 3570 343 3636 Parthis,
367 3573 546 3646 rcgeOrodc,
567 3575 628 3627 dum
711 3576 888 3639 4.Hocillum
896 3579 1007 3632 AElium
1020 3583 1187 3640 Tuberonem.

116 3673 170 3707 auro
186 3651 372 3717 nimisiubiet,
387 3674 447 3706 anu.
461 3655 496 3709 U.
515 3655 545 3708 C.
561 3656 625 3729 598,
680 3654 742 3707 Scil.
764 3673 901 3729 pauperem
922 3657 1005 3711 tuisse.
1026 3661 1132 3736 Propria
1159 3683 1189 3717 ee

118 3731 271 3784 Plutarchum
284 3730 314 3782 in
326 3729 430 3796 Crasso,
443 3744 468 3784 ct
479 3733 627 3806 Appianum
677 3733 731 3785 laus
752 3733 835 3806 gentis
848 3731 946 3799 AElioe,
968 3747 997 3787 ut
1015 3751 1188 3810 paupertatem

119 3808 142 3859 iu
153 3809 284 3862 Parthicis.
298 3806 398 3861 Schott.
677 3810 806 3883 amplexa,
820 3811 921 3864 divitias
939 3817 1137 3884 contempserit,
1160 3831 1188 3871 ut

145 3907 164 3940 a.
183 3889 253 3942 Post
272 3891 444 3956 euestigata...
448 3887 626 3960 fugitivorum
676 3901 805 3944 auctorest
817 3891 1016 3960 valeriutJv,
1028 3915 1050 3963 ce
1059 3895 1186 3962 4·Scltott.

117 3988 189 4020 oman.
202 3967 246 4020 De
258 3965 315 4018 boc
329 3963 401 4017 civili
412 3964 497 4032 bello,
516 3968 585 4038 quod
598 3969 625 4022 in
708 3971 1187 4045 5.Apudurotro.llaleriuslegendus

116 4043 492 4123 hlirsgladiatoribus,ducc
504 4047 625 4120 Spartaco
674 4046 718 4100 lib.
741 4049 788 4116 lv,
812 4069 866 4122 cap.
888 4049 920 4115 4,
943 4061 967 4104 et
986 4051 1082 4104 Seucea
1102 4067 1186 4109 noster

114 4141 132 4182 et
150 4127 250 4200 Chryso
267 4161 278 4194 ,
293 4121 431 4178 excitatum
438 4161 446 4192 ,
467 4143 508 4178 au.
520 4124 587 4196 680,
602 4138 626 4180 et
674 4148 740 4200 supr.
753 4129 876 4184 Controv.
887 4130 924 4184 Vl
934 4167 942 4197 ,
952 4129 997 4183 nbi
1009 4131 1081 4203 plura
1092 4136 1187 4190 notavi.
