2876 4804
56 349 195 418 ANDR.
209 348 426 434 SCHOTI'.,
444 348 507 418 DE
523 347 655 418 AUCT.
673 348 730 416 ET
751 349 881 418 DECL.
902 348 1000 416 RAT.
1031 373 1077 443 27

16 469 139 534 Sarrum
153 469 266 533 nostri
280 489 482 558 componere
492 483 548 533 aut
564 469 682 556 possim
698 484 754 534 aut
771 465 906 534 debeam
919 491 926 532 :
938 467 994 556 qui
1010 466 1079 532 duo

16 573 101 638 millia
116 576 301 638 nominum
315 575 462 656 recitata,
476 597 542 662 quo
559 572 671 638 ordine
684 571 773 640 erant
782 574 882 656 dicta,
899 571 1076 655 reddebat;

17 703 142 769 pieque
156 680 324 762 audisset,
338 697 371 745 et
384 682 545 745 memorias
557 680 752 762 mandasset,
773 701 810 746 ea
828 679 976 746 facillime
994 679 1078 745 rele-

15 788 105 852 rebat.
126 789 194 852 Cui
215 811 280 852 nos
294 785 429 876 quidem
443 789 596 853 thesauro
609 788 832 854 suasoriarum
841 786 1080 852 Controversia·

14 913 147 980 rumque
161 892 420 958 declamationes
435 911 578 982 acceptas
596 893 765 958 referimus
780 915 787 957 :
803 890 893 980 quod
908 915 980 980 quae
990 895 1079 978 juve·

15 1000 57 1060 n'n
68 1001 241 1064 memoriae
256 997 459 1082 credidisset,
473 1015 505 1064 et
515 1016 669 1088 tanquam
684 998 866 1087 depositum
882 999 1078 1087 reliquisset,

15 1105 253 1193 sophistarum,
263 1122 295 1171 et
306 1106 477 1172 rhetorum
485 1107 534 1170 sui
544 1093 716 1195 temporis,
729 1104 861 1188 diserte,
879 1107 1029 1188 breviter,
1046 1121 1079 1168 et

15 1224 101 1271 acute
114 1208 225 1290 dicta,
239 1231 385 1274 easenex
396 1209 579 1290 ruminarit,
595 1222 691 1296 atque
706 1207 882 1272 intermissa
893 1208 991 1296 longo
1004 1223 1079 1299 post

16 1327 157 1403 tenpore
186 1316 359 1392 revocarit.
378 1313 533 1380 Eamdem
555 1315 635 1378 senii
653 1313 748 1396 vitio,
769 1331 806 1378 ut
821 1313 871 1396 fit,
884 1314 1077 1380 debilitatam

17 1420 173 1507 queritur,
184 1422 218 1484 in
235 1421 357 1486 librum
371 1421 417 1486 IV
426 1422 578 1486 Controv.
586 1420 746 1512 praefatus.
762 1421 861 1508 Cujus
876 1421 923 1484 rei
934 1420 986 1486 vel
999 1421 1079 1488 illud

17 1543 209 1614 argumento
220 1543 279 1609 est,
287 1528 442 1592 Controv.
453 1531 505 1609 24,
513 1525 712 1615 Thucydidis
721 1525 831 1600 locum
844 1550 920 1592 cum
930 1526 1077 1594 Sallustio

19 1636 80 1718 ejus
92 1633 218 1698 remulo
232 1634 396 1720 componi,
405 1656 506 1720 quum
518 1649 625 1698 tamen
632 1633 858 1699 Demosthenis
868 1634 977 1722 locum
989 1636 1078 1702 hunc

21 1738 246 1829 exOlynth.11
261 1739 423 1826 subjiciat:
440 1741 550 1908 αίγὰρ
560 1737 719 1835 ιυπραξίαι
730 1733 826 1810 δειναὶ
859 1743 1050 1840 συγκαλύψαι
1068 1797 1079 1832 ,

18 1841 68 1908 ui
81 1841 246 1918 συσκιάσαι
266 1839 451 1908 τὰτοιαῦτα
471 1841 529 1910 ivri
551 1868 580 1916 η.
597 1847 833 1920 Historicorum
852 1871 931 1912 vero
950 1847 1078 1914 Graeco·

21 1954 252 2042 rumprincipis
258 1952 358 2016 rerba
369 1953 623 2034 suntanemine,
632 1953 721 2041 quod
729 1952 879 2041 equidem
888 1953 993 2034 sciam,
1002 1976 1078 2017 cum

22 2059 214 2125 sallustianis
226 2058 286 2122 illis
301 2078 309 2120 ι
323 2058 479 2122 Secunde
490 2081 538 2122 res
548 2059 627 2122 mire
637 2073 712 2124 sunt
722 2062 814 2124 vitiis
827 2059 977 2141 obtentui,
989 2081 1078 2123 com÷

23 2183 137 2253 parata,
143 2165 231 2229 libro
238 2164 289 2228 111
296 2164 369 2228 belli
384 2164 645 2252 Peloponnesiaci
657 2166 690 2230 in
706 2166 851 2231 oratione
865 2166 1079 2248 Cleonis,usu

24 2273 129 2337 venire
143 2271 342 2353 civitatibus,
358 2272 532 2360 praesertim
544 2272 597 2354 iis,
607 2273 724 2362 quibus
739 2273 846 2356 brevi,
864 2295 904 2336 ex
918 2273 1080 2362 insperato

26 2376 153 2444 felicitas
160 2377 287 2466 obtigit,
295 2377 376 2442 utad
382 2377 582 2442 insolentiam
588 2394 826 2444 convertantur.
834 2376 898 2445 sed
906 2378 1082 2470 graecehaec

26 2484 74 2548 ille
85 2485 234 2550 disertitu
246 2505 254 2546 τ
268 2489 351 2556 εἴωθε
366 2479 401 2553 δὲ
419 2499 480 2556 σῶν
497 2488 631 2573 πόλεων,
651 2485 697 2568 αἷς
723 2515 759 2556 αν
783 2489 932 2581 μαλιστα,
964 2489 1015 2556 καὶ
1035 2480 1076 2555 δί’

26 2587 180 2678 {lapistus
213 2579 442 2682 ἀπροσδόκητος
472 2580 617 2678 εὐπραξία
651 2587 742 2682 ἔλθῃ,
771 2589 800 2664 ἐς
832 2581 915 2679 ὕὸριν
951 2588 1079 2678 τρέπειν.

25 2691 143 2760 Verum
157 2697 281 2786 magnis
293 2693 431 2786 ingeniis
448 2691 673 2781 hujuscemodi
711 2695 878 2790 μνημονικὰ
912 2695 1080 2788 σφάλματα

27 2799 196 2866 identidem
213 2803 359 2868 accidere
375 2800 495 2864 nemini
512 2799 629 2863 mirum
643 2794 745 2864 videri
757 2792 870 2873 debet,
883 2814 984 2880 quum
1000 2791 1078 2854 etin

29 2905 227 2995 ingeniorum
238 2907 390 2997 principis
405 2905 584 2971 Aristotelis
606 2904 727 2972 Ethicis
745 2901 776 2966 N
778 2897 978 2980 icomachiis,
998 2913 1030 2961 et
1047 2898 1081 2961 in

28 3009 311 3096 MTullio,etaliis
322 3009 485 3084 interdum
504 3015 712 3107 ἁμαρτήματα
739 3007 846 3071 Critici
864 3004 1080 3071 observarint:

28 3120 225 3208 quiquidem
240 3122 411 3210 scriptores
428 3117 553 3182 veniam
568 3141 588 3181 a
602 3114 1089 3205 nobiseocitiusimpetrabunt,¹

29 3247 91 3312 quo
104 3227 222 3291 nocuis
231 3228 326 3290 etiam
337 3224 446 3290 erratis
457 3223 674 3311 impetremus.
691 3224 812 3288 Seneca
825 3220 957 3310 quidem
970 3235 1080 3284 noster

31 3333 203 3414 eolacilius,
211 3333 303 3422 quod
309 3327 546 3416 inThucydidis
552 3329 688 3420 vestigiis
697 3345 862 3394 oratorum
870 3327 922 3391 ille
930 3325 1083 3415 princeps

31 3439 137 3524 pellem
150 3441 195 3504 sic
210 3440 335 3528 posuit,
351 3453 388 3500 ut
399 3457 465 3523 quo
485 3435 692 3524 exprimeret,
715 3458 812 3524 quem
827 3432 869 3498 ad
890 3430 1080 3496 imitandum

31 3562 254 3635 proposuerat,
276 3545 481 3635 promptius,
513 3546 611 3610 octies
636 3567 694 3608 sua
719 3565 818 3607 manu
848 3541 1080 3630 transcripsisse

31 3649 248 3742 Thucydidem
272 3669 388 3717 auctor
398 3655 438 3717 sit
446 3653 607 3750 lucianus
623 3649 865 3730 Samosatensis,
881 3663 914 3710 et
928 3647 1083 3735 Agathias

33 3755 213 3846 Smyrnaeus.

72 3865 260 3956 Quanquam
275 3880 386 3931 autem
408 3867 512 3930 senilis
532 3865 628 3930 etatis
649 3863 726 3928 vitio
747 3863 918 3952 collapsam
933 3859 1080 3926 eamdem

33 3992 66 4034 ac
79 3971 269 4040 debilitatam
289 3989 459 4062 queratur,
477 3972 629 4062 temporis
652 3987 758 4036 tannen
776 3969 985 4048 diuturnitas,
1008 3987 1081 4054 quae

37 4077 117 4144 etiam
127 4079 317 4146 solidissima
329 4099 466 4168 queque
477 4101 686 4168 corrumpere
702 4093 735 4142 et
749 4073 1000 4155 vastare,labc1n
1016 4097 1080 4136 om-
