2876 4804
362 353 400 421 18
680 349 817 416 JUSTO
843 349 987 416 LIPSIO
1012 349 1085 417 J.G.

353 475 478 538 libitum
487 487 567 535 esset
578 470 701 534 animos
712 467 912 574 audientiqm
921 469 1071 556 rapiebat.
1083 469 1179 534 Hunc
1189 485 1300 537 secuta
1308 471 1411 562 longo

353 595 426 668 post
438 577 606 642 intervallo
627 599 741 666 magna
758 576 973 664 sophistarum
990 577 1103 664 copia,
1129 599 1212 664 quos
1232 577 1409 645 Philostra-

352 702 419 766 tus,
433 685 613 771 Eunapius,
629 698 661 747 et
672 682 851 770 Hesychius
861 681 1037 764 celebrant,
1051 697 1224 770 extantque
1233 683 1334 749 hodie
1341 686 1407 750 Lu·

352 791 478 872 cianus,
501 789 668 869 Libanius,
691 788 776 852 Dion
807 788 1069 876 Chrysostomus,
1089 789 1247 858 Maximus
1268 791 1407 879 Tyrius,

350 895 522 978 Aristides,
543 894 720 977 Himerius,
740 893 812 958 alii:
832 895 1062 982 praeceptiones
1081 915 1160 960 vero
1183 895 1407 962 declamitandi

349 1001 509 1066 tradidere
520 998 821 1090 progymnasmatis,
833 1021 890 1062 seu
900 999 1010 1087 primis
1022 999 1109 1090 apud
1119 1000 1297 1066 Rhetorem
1315 1025 1408 1067 exer·

348 1108 551 1174 citationibus
563 1105 787 1198 Aphthonius,
804 1105 937 1188 Tbeon,
952 1121 985 1169 et
1000 1129 1041 1171 ex
1056 1107 1260 1196 Hermogene
1275 1108 1408 1174 Priscia-

348 1237 419 1278 nus.
432 1213 568 1278 Romani
583 1235 680 1294 vero,
693 1209 823 1276 devictis
836 1210 969 1294 Graecis,
981 1228 1018 1278 ut
1029 1211 1124 1276 armis
1137 1213 1317 1300 superiores
1329 1214 1406 1278 belli

348 1319 497 1408 gloriam,
516 1319 560 1383 sic
575 1333 607 1382 et
621 1316 859 1406 disciplinarum
873 1315 1002 1382 laudern
1022 1319 1168 1382 oratoriae
1182 1319 1404 1406 potissimum,

347 1441 381 1490 et
394 1427 540 1514 poeticae,
552 1425 695 1512 quarm
714 1425 831 1508 serius,
845 1439 992 1512 ereptum
1005 1424 1129 1506 ierunt,
1151 1440 1346 1513 acceptaque
1362 1426 1406 1490 ab

344 1532 403 1596 illis
412 1531 519 1597 fecere
528 1531 668 1596 meliora.
681 1530 774 1594 Unus
786 1532 930 1595 omnium
939 1531 1037 1594 instar
1047 1528 1093 1594 M.
1102 1529 1226 1593 Tullius
1238 1546 1269 1594 et
1273 1533 1404 1616 juvenis

345 1642 555 1706 exercebatur
572 1638 698 1702 assidue
717 1637 759 1722 ad
774 1638 1006 1724 eloquentiam,
1022 1653 1055 1701 ct
1068 1637 1195 1728 grandis
1210 1654 1402 1704 natu-usum

342 1745 512 1810 revocavit.
525 1744 704 1830 Quumque
716 1743 856 1824 sit,teste
868 1739 984 1824 Fabio,
994 1741 1194 1825 declamatio,
1203 1765 1274 1831 quae
1282 1742 1403 1810 Graecis

344 1857 452 1948 μελέτη
481 1874 544 1938 est,
572 1857 747 1921 forensium
767 1857 929 1920 actionum
952 1855 1130 1939 meditatiO,
1155 1872 1187 1922 et
1201 1857 1401 1945 judiciorum

342 1968 615 2054 consiliorumque
637 1965 759 2052 imag0,
775 1962 839 2028 hoc
864 1977 926 2046 est,
949 1965 1257 2048 controversiarum,
1275 1988 1311 2030 ac
1326 1989 1401 2032 sua·

341 2075 499 2139 soriarum
510 2071 672 2152 tractati0,
688 2071 806 2158 quibus
828 2083 990 2158 tanquam
1002 2093 1119 2160 pugnas
1136 2071 1310 2137 simulacris
1332 2073 1402 2162 qui-

341 2179 477 2245 busdam
488 2177 528 2244 ad
543 2199 657 2241 verum
673 2175 858 2258 discrimen,
872 2178 1036 2265 aciemque
1043 2181 1159 2265 justam
1172 2179 1398 2262 assuescimus,

342 2309 491 2376 oppressa
503 2281 567 2372 jam
580 2283 724 2348 civilibus
736 2271 830 2347 armis
843 2283 923 2372 Rep.
936 2283 1020 2347 hanc
1029 2281 1142 2349 Cicero
1149 2287 1244 2352 animi
1258 2288 1398 2350 aversio-

339 2416 415 2458 nem
425 2389 666 2471 adhibend0,in
677 2389 862 2476 litterasqu‘c
873 2413 922 2471 se,
935 2413 971 2454 ac
988 2389 1214 2456 bibliothecam
1226 2391 1398 2478 abdendo,

340 2516 372 2564 et
383 2496 621 2587 philosophiam
628 2495 723 2560 latine
734 2495 923 2583 loquentem
935 2495 1025 2579 iecit,
1034 2513 1066 2560 et
1074 2497 1239 2562 silentibus
1250 2521 1287 2562 ac
1298 2501 1398 2564 mutis

338 2605 372 2669 in
388 2601 463 2668 foro
472 2603 573 2677 causis
584 2601 736 2690 publicis,
748 2597 958 2665 declamitavit
969 2599 1145 2667 identidem
1157 2625 1265 2667 coram
1275 2605 1397 2686 Cassio,

337 2729 368 2778 et
379 2711 558 2788 Dolabella,
567 2724 604 2771 ut
612 2699 652 2771 acl
664 2707 698 2771 P.
713 2706 924 2771 Volumnium
932 2707 1143 2798 Eutrapelum
1156 2709 1283 2774 scribit:
1295 2710 1398 2777 latine

336 2813 1399 2910 quidemetiarnsenior,HirtioetPansaConsulibus,quosdiscipu·

335 2926 399 3008 los,
413 2941 445 2988 et
456 2919 591 3012 grandes
604 2932 806 3007 praetextatos
816 2921 959 2985 vocabat.
972 2921 1043 2987 Imo
1055 2923 1096 2987 ad
1107 2923 1280 2988 Praeturam
1287 2945 1398 3012 usque

336 3053 437 3120 graece
450 3027 653 3106 declamavit,
666 3040 702 3088 ut
714 3036 885 3090 auctorest
895 3027 1117 3116 Tranquillus,
1131 3046 1161 3094 et
1176 3031 1242 3118 ipse
1257 3027 1340 3094 adeo
1353 3031 1396 3098 ad

333 3139 381 3204 M.
391 3135 561 3202 Titinium:
573 3164 586 3188 «ι
604 3131 808 3215 Continebar,
819 3135 938 3222 inquit,
950 3135 1206 3201 doctissimorum
1220 3137 1397 3205 hominurn

334 3278 347 3302 a
364 3243 567 3322 auctoritate,
605 3239 660 3326 qui
677 3239 896 3304 existimabant
920 3243 1027 3330 graecis
1052 3242 1330 3308 exercitationibus
1351 3246 1397 3309 ali

334 3383 346 3407 ι
362 3349 475 3414 melius
488 3345 616 3436 ingenia
629 3367 732 3436 posse.
748 3376 760 3400 ν
777 3347 817 3408 Et
827 3347 859 3408 in
872 3347 990 3430 Bruto,
1001 3351 1057 3437 qui
1069 3349 1109 3413 de
1124 3349 1216 3414 claris
1230 3365 1276 3414 est
1286 3367 1397 3414 orato-

330 3457 436 3520 ribus:
448 3485 461 3511 n
471 3453 730 3531 Commentabar‚
740 3451 797 3531 ait,
806 3451 1009 3520 declamitans
1019 3479 1101 3544 saepe
1114 3474 1189 3519 cum
1199 3455 1244 3520 M.
1258 3455 1394 3538 Pisone,
1423 3479 1424 3482 ’

334 3595 345 3618 a
363 3578 480 3627 etcum
496 3559 535 3642 Q.
552 3557 725 3646 Pompei0,
742 3574 797 3621 aut
809 3582 884 3623 cum
896 3560 1003 3648 aliquo
1016 3561 1176 3650 quotidie:
1186 3559 1285 3650 idque
1297 3562 1395 3627 lacie-
1422 3547 1423 3601 i

330 3657 452 3747 tham,
478 3663 617 3728 multum
629 3663 722 3728 etiarn
744 3665 856 3744 latine,
878 3665 934 3729 sed
952 3691 1052 3756 maere
1072 3667 1200 3758 sepius,
1226 3667 1277 3732 vel
1297 3667 1394 3756 quod

329 3809 340 3832 a
358 3797 458 3866 graeca
467 3772 569 3836 oratio
585 3771 678 3860 plura
689 3789 876 3836 ornamenta
888 3773 1392 3863 suppeditans,consuetudinem

328 3917 340 3939 a
357 3881 498 3947 similiter
506 3877 601 3942 latine
614 3875 740 3942 dicendi
749 3879 785 3942 as
785 3879 979 3944 serebatzvel
989 3881 1079 3969 quod
1097 3906 1114 3946 a
1132 3884 1238 3972 grecis
1254 3886 1392 3948 summis

328 3985 559 4066 «doctoribus,
590 3985 649 4049 nisi
664 4008 764 4074 grace
790 3985 944 4068 dicerem,
968 4011 1075 4077 noque
1096 3990 1211 4078 corrigi
1234 4009 1364 4078 possem
1379 4041 1389 4072 ,
1402 3979 1418 4052 ,ἱ

326 4133 335 4150 ..
356 4117 462 4184 neque
478 4092 597 4158 doceri.
612 4124 624 4148 ν
639 4093 696 4157 Cn.
716 4117 849 4180 quoque
870 4095 1061 4184 Pompeium
1082 4096 1223 4160 historici
1245 4095 1388 4163 tradide·
