2878 4816
280 415 343 502 ulo
488 425 492 431 ’
600 415 647 480 Μ.
673 413 819 483 ANNAEl
841 413 1022 482 SENFEAE

277 561 384 612 teram
401 563 530 634 arguo,
549 551 651 632 quum
674 542 711 608 in
735 539 985 608 matrimonium
1006 539 1142 634 recepi,
1165 541 1227 633 qui
1252 565 1354 612 eom-

280 659 412 726 muueis
441 679 483 724 ex
512 655 572 724 illa
610 654 736 726 liberos
767 663 925 749 precatus
965 679 1066 741 sum,
1103 656 1164 748 qui
1191 657 1355 752 pudicum

280 773 501 845 libentissime
515 771 702 841 crederem.
719 770 858 841 Adeone
864 771 934 864 jam
949 770 993 840 ad
1005 795 1139 841 omnem
1152 774 1353 867 potientium

279 887 384 958 seculi
414 911 486 955 mos
513 885 620 970 abiit,
650 902 690 953 ut
718 885 880 954 adversus
908 888 1155 978 querimoniam
1177 889 1245 956 viri
1268 913 1355 958 uxor

280 1004 391 1075 alieno
414 1017 499 1070 teste
524 999 754 1071 defendatur?
772 1001 816 1070 dt
834 1000 992 1070 hercules
1008 1000 1172 1071 adversus
1187 1022 1353 1073 externo-

279 1143 354 1186 rum
365 1119 503 1211 quidem
518 1119 696 1212 opiniones
714 1117 998 1212 speciosissimum
1011 1120 1239 1212 patrocinium
1254 1136 1350 1188 erat:

279 1237 357 1326 Ego
369 1238 443 1302 ciro
454 1237 587 1325 placeo.
605 1234 648 1303 At
662 1257 745 1328 ego,
763 1235 792 1302 si
811 1235 904 1302 buno
921 1235 1274 1336 moremiusoribendi
1293 1253 1353 1305 re·

282 1347 422 1442 spiritis,
433 1348 470 1416 in
483 1363 667 1440 conspectu
681 1365 794 1415 vestro
806 1348 852 1414 ita
863 1347 1007 1416 scribam
1022 1373 1029 1414 :
1046 1349 1144 1417 Uxor
1155 1373 1232 1416 naeu
1245 1347 1354 1417 baeres

282 1470 387 1546 esto¹,
406 1467 494 1561 quod
506 1468 740 1556 peregrinante
754 1489 807 1530 me
820 1467 983 1532 adornato
994 1483 1044 1532 est
1053 1515 1065 1547 ,
1082 1467 1170 1562 quod
1184 1466 1291 1533 daeres
1309 1467 1355 1534 ab

280 1585 489 1652 adolescente
507 1583 616 1650 alieno
632 1605 673 1658 ue
690 1582 861 1649 libidbtoso
879 1585 994 1650 relicta
1007 1599 1076 1662 est,
1096 1585 1184 1679 quod
1208 1601 1278 1650 tam
1300 1589 1354 1652 in·

172 1755 179 1771 ,
273 1699 408 1789 famem
430 1698 656 1767 hereditatem
682 1697 776 1764 odiit.
802 1697 830 1766 A
854 1695 987 1766 duobus
1013 1721 1075 1766 ros
1096 1701 1302 1770 testamentis
1318 1691 1370 1768 in*

282 1811 459 1880 consilium
485 1811 583 1878 mitto
610 1825 724 1878 utrum
750 1811 900 1880 secuturi
917 1813 1022 1881 estis?
1039 1835 1107 1905 quo
1131 1811 1176 1880 ab
1197 1812 1355 1882 adnitere

164 1949 167 1958 ·
281 1925 487 2008 absolvitur,
509 1949 553 1992 on
571 1949 640 2017 quo
659 1923 838 1995 damnatur
859 1951 880 1995 a
900 1929 1001 1996 viro?
1021 1931 1167 2019 Magnus
1181 1927 1356 2021 pudicitie

285 2044 414 2112 fructus
433 2060 502 2118 est.
522 2041 680 2135 pudicam
695 2041 808 2127 credi,
824 2060 859 2113 et
869 2043 1031 2114 adversus
1044 2069 1160 2114 omnes
1173 2045 1356 2117 illecebras

283 2173 385 2250 utque
410 2159 523 2226 omnia
543 2155 955 2229 delinimentumuliebris
980 2163 1150 2255 iugenii²‚
1179 2176 1230 2230 est
1247 2161 1356 2232 veluti

284 2274 447 2343 solumne
463 2275 711 2347 firmamentum
728 2275 766 2343 in
779 2275 905 2347 nullam
922 2277 1084 2346 incidisse
1100 2277 1268 2365 subulam3
1288 2302 1355 2348 no-

285 2413 347 2458 ros
363 2387 536 2478 ternod,
558 2415 628 2460 nou
651 2393 687 2460 iu
708 2393 858 2466 omnium
877 2395 1130 2464 estimationem
1150 2417 1352 2480 cocurrere;

284 2550 354 2605 nium
368 2553 465 2624 recepi,
481 2551 525 2622 qui
538 2553 695 2604 communeis
708 2573 737 2604 es
753 2551 797 2605 illa
846 2553 970 2624 Epitomat
985 2567 1082 2621 partem
1092 2553 1197 2607 aliunde
1208 2553 1358 2607 biucassu-

285 2633 377 2687 libercs
391 2646 504 2706 precatus
516 2653 580 2686 sum.
590 2655 604 2680 a
618 2631 718 2686 Schola
784 2650 800 2704 ’,
846 2643 896 2687 tem
909 2644 979 2704 potat
990 2651 997 2685 s
1007 2632 1139 2702 Quadrant
1148 2632 1218 2685 euim
1228 2633 1262 2686 ad
1272 2651 1358 2686 amus-

320 2730 340 2762 t.
358 2709 439 2763 Uxor
455 2729 515 2762 meu
533 2709 613 2761 hoeres
635 2718 696 2761 esto.
719 2710 796 2762 Recte
846 2711 912 2774 sim,
927 2722 951 2762 et
964 2713 1087 2763 Alterum
1094 2722 1198 2779 purtem
1213 2731 1260 2786 pro
1277 2731 1357 2766 uxore

285 2788 342 2850 ille,
353 2785 399 2857 ¹qui
417 2785 519 2840 monuit
537 2784 699 2838 inserendam
714 2803 798 2857 uaga-
846 2785 966 2839 continet.
977 2783 1210 2854 Scirem-Videor,
1220 2800 1358 2862 postquam

283 2866 370 2922 tivum.
379 2865 489 2921 'lautum
501 2859 570 2915 euim
581 2873 724 2930 potestesse
737 2880 796 2932 prof
843 2878 1008 2920 estuaverunt
1018 2865 1070 2929 tiu,
1083 2865 1184 2919 tandem
1193 2866 1358 2941 perspexisse,

285 2944 345 2996 bum
356 2960 363 2994 t
374 2938 796 3008 Uxormealtoeresneesto.Qnia
845 2943 975 3015 quomodo
993 2944 1063 3009 bec,
1085 2963 1145 3014 qua
1168 2964 1214 3016 pro
1235 2945 1357 3018 depositis

286 3033 463 3076 testamentum
483 3031 533 3084 cst,
550 3030 578 3071 nt
596 3018 723 3087 sequitur,
746 3037 796 3088 quo
844 3023 1025 3096 propemodum
1037 3021 1359 3085 babctScbottueutcuru·

286 3097 421 3153 damnatur
434 3115 522 3152 usura
535 3096 600 3149 viro.
612 3094 711 3150 Schult.
845 3120 896 3172 que
913 3101 1009 3158 restitui
1029 3103 1133 3174 possint.
1148 3101 1216 3171 Lege
1228 3120 1235 3154 :
1248 3101 1358 3156 Nm

319 3201 343 3232 u.
354 3175 533 3232 Delim‘mento
546 3175 680 3228 muliebris
692 3177 795 3246 ingemi.
843 3187 883 3231 est
889 3177 1021 3252 fhrlasst,
1036 3199 1087 3230 non
1097 3182 1126 3231 in
1137 3177 1274 3230 domim
1290 3181 1360 3232 esi·

276 3255 398 3329 ,Penne
416 3251 597 3308 ‘intellexerunt
614 3251 682 3306 bunc
702 3252 795 3306 locum,
846 3259 1023 3310 stimolionem
1031 3254 1358 3326 incarrere-Ubifonasae,

285 3337 348 3389 Nou
360 3334 403 3388 bie
417 3332 499 3404 agitur
511 3334 543 3386 de
557 3332 729 3386 delinimentis
739 3349 796 3385 ntu-
846 3333 995 3407 interpretor
1006 3330 1061 3387 sine
1073 3331 1166 3395 dubio,
1178 3353 1228 3405 qua
1237 3332 1354 3400 notione,

285 3415 394 3481 lictum,
414 3413 460 3467 sed
481 3423 636 3478 amatorum,
659 3411 751 3483 quibus
768 3411 796 3464 bi
846 3412 898 3486 jam
919 3411 996 3465 docui
1013 3411 1046 3465 ad
1065 3411 1186 3485 Calpuru.
1205 3431 1259 3464 nou
1278 3411 1360 3465 aenei

286 3492 404 3546 alliciunt
419 3489 593 3563 vincuntque,
611 3503 634 3542 et
649 3489 799 3543 devinciunt
846 3488 1359 3560 occurrereinDeclam.Quintilienima·

287 3571 336 3625 sibi
346 3568 481 3624 muliebria
493 3569 599 3642 ingenia
612 3587 683 3620 cerea
695 3566 797 3642 scepein
847 3566 918 3642 jocis.
940 3566 1040 3620 Deinde
1059 3569 1284 3620 continuum
1303 3587 1358 3622 nou

287 3647 376 3701 viuum
389 3646 472 3712 desti,
488 3645 645 3714 minimeque
657 3643 679 3696 si
693 3656 798 3695 tenteu-
846 3657 945 3698 tautum
972 3645 1068 3717 accipio
1091 3643 1225 3718 judicium.
1253 3646 1358 3699 Terent.

288 3737 344 3784 tur,
365 3724 439 3779 firma
458 3737 483 3776 ct
499 3717 708 3785 constantissima
723 3735 797 3798 putet.
846 3723 909 3796 prol.
926 3723 1017 3776 licant.
1038 3721 1202 3776 «Arbitrium
1223 3733 1356 3789 rubum,

321 3806 346 3858 3.
366 3807 453 3860 Novas
464 3804 592 3871 j‘ortasse.
616 3801 735 3876 Suspicor
757 3802 798 3854 hic
847 3811 927 3855 vestra
945 3800 1091 3853 existimatio
1107 3798 1210 3854 valebit.
1223 3823 1237 3848 »
1257 3801 1358 3854 Verum

288 3887 483 3960 necessariores
494 3881 797 3955 legendum-Dolendum
847 3879 1359 3952 etiam‚rumorem,iamsut‚opinionem,

287 3985 348 4020 saue
356 3965 480 4038 integram
491 3961 558 4015 banc
568 3961 646 4013 unius
654 3959 739 4012 Por‘cii
748 3959 797 4013 Iu-
844 3971 871 4012 ut
880 3959 944 4031 apud
956 3957 1060 4012 Sueton-
1072 3961 1178 4030 August.
1190 3979 1245 4032 cap.
1255 3957 1297 4010 58.
1306 3959 1358 4014 Ga·

285 4041 366 4094 tronis
383 4039 590 4095 Declamatorum
604 4035 737 4108 principis,
753 4054 797 4090 ac·-
844 4036 920 4109 pitale
929 4035 1122 4089 erattsdictum
1135 4035 1234 4096 ullum.
1247 4036 1357 4090 taemm·

285 4121 381 4174 tioucro
389 4120 542 4174 decurtatam
550 4118 582 4171 ad
589 4115 795 4188 uusperrenisae:
844 4134 874 4167 ve
884 4114 936 4186 ejus
946 4116 957 4182 (
968 4113 1094 4186 Augusti)
1109 4113 1296 4168 existimatione
1303 4115 1357 4168 ali·

283 4191 792 4265 necenimassentiorPetrcio,quiillam
841 4211 891 4262 qua
909 4191 1034 4246 laesisse.»
1056 4189 1166 4246 Pulchra
1189 4191 1297 4246 Gasaub.
1318 4195 1353 4248 ad
