2866 4814
292 467 735 580 corrnerunsuauu
758 513 838 578 un.
864 513 891 577 1.
1084 515 1129 578 a«

1113 570 1124 604 l

46 631 110 706 'itte
128 638 320 707 exilitatem
338 637 501 704 orationis
522 659 590 703 sum
616 639 795 728 imputaret
819 637 1075 721 controversia,
1097 626 1135 704 et¹

1 800 2 852 1
66 753 202 823 diceret:
219 757 376 822 Necesse
386 767 438 821 eet
452 775 506 820 me
519 776 582 845 per
593 754 765 844 spinosum
779 753 889 820 locum
902 752 1130 822 ambulantem

1 861 2 892 r
66 890 233 960 suspensos
247 864 360 959 pedes
375 888 523 958 ponere,
552 864 666 932 aiebat
681 867 806 933 Latro:
826 867 900 934 Nou
922 867 1132 934 mehercules

1 981 2 986 ’
68 983 230 1074 tripedes
248 983 369 1075 spinas
383 981 530 1064 calcant,
548 978 607 1048 sed
627 980 767 1048 habent.
783 984 825 1048 Et
843 982 952 1048 statim
979 984 1052 1075 ipse
1076 983 1131 1050 di·

1 1187 2 1190 ,
69 1096 155 1166 uehat
163 1099 367 1179 sententiae,
379 1121 455 1188 quae
468 1097 641 1190 interponi
652 1099 861 1189 argumentis
872 1122 977 1189 quum
991 1099 1132 1166 maxime

1 1243 2 1272 2
67 1214 280 1284 declamantis
297 1214 439 1282 Marillii
449 1229 599 1308 possent.
612 1214 748 1284 Solebat
760 1231 870 1283 autem
884 1230 918 1282 et
928 1217 993 1283 hoc
1007 1239 1133 1310 genere
1245 1233 1246 1240 ’

67 1332 315 1402 exercitationis
332 1333 403 1417 uti,
423 1345 461 1397 ut
479 1331 593 1422 aliquo
615 1331 674 1398 die
699 1329 788 1398 nibil
810 1330 934 1424 preater
949 1331 1134 1424 epichere-

69 1451 170 1514 mata¹
194 1445 382 1528 scriberet,
404 1446 520 1538 aliquo
539 1445 595 1513 die
613 1445 701 1513 nihil
717 1441 1130 1540 praeter'entbymemata,

69 1565 175 1655 aliquo
204 1562 264 1631 die
284 1549 371 1631 nihil
397 1580 522 1655 praeter
549 1562 874 1645 has-translatitiae,
895 1585 979 1655 quas
994 1565 1135 1656 proprie

70 1680 275 1747 sententias²
292 1677 457 1763 dicimus,
477 1703 551 1771 quae
568 1677 657 1746 nibil
671 1678 799 1746 habent
817 1701 892 1746 cum
912 1681 986 1771 ipsa
1000 1685 1136 1746 contro*

1 1797 2 1804 ’
70 1797 174 1863 versia
194 1795 422 1888 implicitum,
442 1795 502 1864 sed
518 1797 597 1864 satis
613 1811 693 1888 apte
712 1812 746 1863 et
768 1794 835 1863 aliu
853 1795 1103 1864 transferuntur
1122 1822 1129 1864 :

72 1925 222 2000 tauquam
242 1933 318 2001 quae
337 1906 379 1976 de
397 1909 550 1990 fortuna,
566 1909 608 1978 de
627 1907 852 1992 crudelitate,
874 1909 917 1976 de
931 1908 1069 1992 saeculo,
1092 1905 1135 1974 dc

74 2021 196 2090 divitiis
211 2021 385 2090 dicuntur.
408 2025 481 2090 Hoc
496 2045 603 2115 genus
626 2001 868 2089 sententiarum
893 2019 1135 2113 supellectilem

1 2147 2 2228 ,
75 2138 219 2206 rooabat.
240 2127 376 2208 Solebat
394 2139 564 2206 schemata
588 2161 725 2230 quoque
750 2161 813 2230 per
836 2161 891 2220 se,
912 2161 1134 2229 quecumque

75 2257 294 2325 controversia
312 2251 499 2348 reciperet,
516 2255 679 2323 scribere.
690 2258 733 2322 Et
742 2269 862 2348 putant
874 2254 970 2321 illum
981 2255 1136 2322 homines

76 2371 132 2439 bac
150 2373 276 2440 uirtute
304 2372 476 2440 caruisse:
495 2397 600 2462 quum
619 2372 791 2465 ingenium
811 2370 947 2462 quidem
974 2371 1047 2463 ejus
1075 2372 1138 2438 hac

77 2487 148 2556 dote
171 2487 414 2568 abundaverit,
441 2487 609 2579 judicium
625 2503 737 2556 autem
758 2488 859 2554 fuerit
882 2487 1043 2554 strictius.
1061 2489 1135 2554 Non
1197 2501 1200 2510 ’

77 2601 223 2694 placebat
237 2601 288 2671 illi
306 2604 493 2672 orationem
510 2603 703 2688 inflectere,
721 2625 785 2698 nee
803 2593 953 2694 unimam
974 2615 1065 2670 reeta
1082 2601 1136 2668 via

77 2829 118 2870 tur.
130 2817 191 2888 Ejus
198 2818 274 2870 etiam
280 2818 377 2870 mentio
386 2815 414 2870 fit
421 2817 496 2880 inira,
507 2816 582 2868 Con-
629 2816 686 2869 loco
695 2816 825 2869 sententiae
837 2821 921 2882 γνόμαι
933 2829 1007 2882 tunt,
1020 2834 1082 2884 quas
1094 2817 1138 2870 irr-
1253 2849 1254 2854 =

77 2909 173 2948 trevere.
187 2913 233 2958 to,
244 2907 268 2947 et
283 2915 320 2964 ¹7·
332 2895 382 2948 En.
574 2927 576 2930 ·
629 2908 666 2949 ter
686 2897 885 2966 npeyupssiepere
901 2889 1026 2948 RhetorEs
1037 2895 1138 2948 habue-
1216 2965 1217 2968 Ἴ

107 2989 127 3021 r.
137 2971 214 3024 thr'l
218 2981 316 3039 prater
323 2972 518 3041 epicheremata.
528 2973 583 3022 riu-
629 2986 689 3026 runt
701 2973 875 3047 Aphthonius,
891 2986 915 3025 et
926 2973 1016 3026 Theba
1029 2973 1057 3025 iu
1069 2975 1138 3027 Pro-

77 3049 160 3100 tturad
172 3047 335 3102 Herennium
346 3048 391 3100 lib.
402 3049 435 3110 ll,
444 3067 580 3121 argumeu-
630 3066 799 3125 gymnasmat.
821 3051 1037 3122 Quandoquidem
1061 3052 1088 3104 in
1109 3053 1139 3107 iis

78 3125 211 3190 monem,
234 3125 391 3200 epicherema
412 3126 507 3179 Grecis
529 3145 582 3177 este
630 3149 692 3204 puer
713 3130 858 3183 exercitatus
878 3149 929 3182 esse
946 3129 1046 3182 deberet
1062 3141 1140 3182 ante-

77 3201 150 3254 dieit:
161 3203 206 3255 sed
216 3202 267 3256 lrue
278 3207 303 3256 e's
312 3206 409 3269 altirei,
421 3223 500 3274 quum
511 3205 581 3256 enirn
630 3223 707 3279 quam
718 3208 822 3260 Rhetori
834 3210 980 3262 traderetur.
989 3209 1065 3278 Μ
1077 3227 1141 3261 ruu-

77 3279 104 3330 sit
117 3281 304 3352 argumentatio
318 3282 460 3354 argumenti
474 3281 583 3354 explica·
632 3305 679 3338 nus
697 3287 875 3356 grammaticos
893 3285 1053 3356 rhetorasque
1074 3307 1142 3338 eon-

77 3349 120 3422 tiu,
134 3359 310 3432 euthymema
321 3361 506 3432 argumentatio
519 3359 581 3422 erit,
631 3365 758 3436 tempsisse
770 3363 932 3433 conqueritur
947 3362 1141 3431 Quintilianus,

78 3447 100 3486 rt
112 3436 304 3508 Epieberemate
319 3437 500 3501 continebitur,
515 3437 583 3506 quod
631 3442 676 3495 lib.
693 3443 727 3494 ll.
740 3462 793 3515 cap.
820 3463 828 3494 ι
843 3479 850 3505 ,
872 3441 1045 3494 'l'ransiatitiae
1057 3457 1140 3495 aurem

78 3515 221 3585 rthpainus,
228 3514 275 3566 lib.
284 3515 338 3585 erupi
348 3517 523 3586 «postuma
531 3515 583 3566 tti-
634 3521 709 3585 dixit,
724 3519 763 3572 vel
780 3521 849 3592 quod
860 3533 916 3592 apte
929 3521 987 3572 tatis
997 3521 1048 3575 alio
1064 3534 1141 3574 trans·

1 3609 2 3670 }
79 3590 519 3665 undenussiveNicagoras,lib.mpi
531 3594 584 3644 ises-
634 3599 745 3651 ferantur
761 3616 768 3650 :
785 3597 824 3649 rel
842 3597 901 3668 quia
919 3619 971 3651 non
987 3618 1076 3663 nove,
1097 3601 1140 3654 sel

1 3673 2 3696 ³
80 3673 230 3738 καμμάτων,
252 3671 365 3724 voluere.
384 3670 452 3723 Vide
475 3671 584 3739 Quintil.
634 3675 870 3728 aliundetranslalae
880 3677 1142 3747 essent,quemadmo·

1 3761 2 3766 ¹
82 3743 434 3811 tueor.v,10;chirium
452 3745 583 3799 Fortunat.
635 3750 696 3802 dum
725 3751 851 3804 Asconius
864 3752 1049 3806 'translatitium
1083 3755 1144 3806 edi-

84 3819 148 3875 libet.
167 3825 208 3876 lib.
220 3826 265 3887 11,
282 3839 309 3877 et
321 3825 512 3898 Hermogenem
524 3863 532 3889 ,
553 3825 584 3876 sle
634 3841 719 3894 etum,
728 3830 797 3900 quod
808 3831 903 3901 singuli
915 3845 1031 3902 pretores
1039 3853 1053 3884 a
1062 3831 1145 3885 decos·
1249 3849 1254 3858 ·

84 3897 171 3953 iurent.
190 3901 234 3955 lib.
252 3903 304 3955 tlt.
323 3903 428 3975 Proprie
441 3914 466 3954 et
478 3899 585 3972 signib—
634 3906 732 3959 roribus
741 3907 792 3959 suis
799 3919 940 3959 mutuatum
950 3909 975 3958 in
984 3927 1057 3959 suum
1067 3920 1145 3961 truns-

82 3980 298 4034 ranterJuvenalis
317 3979 587 4052 Sat.vr,449:«Aut
635 3982 764 4048 serebant,
788 4003 802 4034 a
825 3983 965 4051 Cicerone,
987 3985 1013 4036 iu
1039 3987 1145 4040 Verrem

82 4067 170 4111 turtum
180 4077 302 4112 sermone
314 4067 396 4110 rotato
406 4057 533 4126 Torqueat
543 4075 585 4108 en·
635 4060 692 4126 lli,
706 4060 801 4114 dictum
813 4061 913 4125 scribit,
934 4075 957 4113 et
979 4081 992 4113 a
1007 4062 1145 4136 majoribus

80 4129 204 4206 tbymetna.
213 4160 227 4184 s
241 4137 279 4190 Ν.
293 4135 392 4188 Faber.
636 4150 733 4208 arrepta
746 4151 913 4208 consuetaque
927 4140 1073 4192 translatitia
1085 4143 1147 4194 diei·

1 4272 3 4291 ,
109 4209 345 4284 a.Quaepr-oprt'e
364 4211 586 4264 sententiosum
636 4233 706 4280 mus,
725 4235 781 4284 que
802 4215 875 4286 qtria,
899 4228 925 4268 ut
946 4215 1098 4290 plurimum,
1118 4241 1146 4272 ex
