2876 4804
19 239 22 372 l

156 375 238 490 'ou
260 419 396 490 tucn
421 420 478 488 ur
500 417 702 486 nucum.
729 417 939 488 narreris.
1023 414 1074 497 rs

58 537 165 604 &tum
171 539 389 606 estSolebant
400 542 483 604 enim
488 542 638 627 juvenes,
650 557 820 630 postquam
831 535 1076 602 aGrammatico

57 641 1072 738 dirissiessent,adRhetoremaccedere,apudquemcommunes

55 750 195 815 disseremi
218 752 308 816 locos
334 752 553 834 addiscebant,
584 753 701 818 deinde
731 751 816 816 ficus
839 751 1071 814 controversias
1177 777 1179 782 ’

54 845 223 946 peragebant
236 859 291 922 Eae
302 876 362 923 aut
373 882 413 923 ex
428 859 564 924 historiis
577 861 797 938 trahebantur,
810 872 866 920 aut
878 877 917 920 ex
931 879 985 938 re,
1001 845 1073 942 quse
1148 926 1151 932 ,
1235 887 1241 902 ·

55 959 118 1052 lorte
127 986 228 1028 recens
241 965 444 1054 contigisset,
462 966 637 1053 plurimum
650 964 691 1029 ad
705 987 805 1054 genus
812 961 961 1050 judiciale
978 964 1073 1052 perti·

55 1067 163 1149 nebant,
178 1093 242 1133 non
256 1069 418 1134 absimiles
432 1070 599 1159 speciebus
616 1071 847 1150 Consiliorum,
863 1069 980 1158 quibus
994 1093 1073 1156 quo-

37 1171 111 1242 ¹tidie
125 1175 336 1240 Jureconsulti
354 1177 454 1238 nostri
469 1173 551 1252 ‚dant
576 1198 728 1266 responsa
748 1198 756 1240 :
775 1173 857 1239 adeo
880 1192 932 1257 ut,
950 1176 976 1238 si
996 1173 1072 1256 illis,

54 1278 121 1365 quod
140 1279 319 1344 facillimum
340 1297 436 1362 esset,
457 1282 564 1370 legum
585 1282 656 1346 loca
675 1282 940 1370 allegationesque
959 1279 1073 1366 adjice-

54 1401 156 1466 rentur,
169 1386 244 1450 nihil
257 1410 278 1451 a
288 1387 429 1451 consiliis
441 1389 627 1451 nostratium
640 1387 799 1452 differant.
816 1386 888 1449 Hoc
900 1408 965 1474 prae
980 1409 1014 1449 se
1025 1385 1072 1449 fe-

54 1505 111 1552 mut
125 1493 295 1578 specimen,
315 1515 388 1580 quoe
405 1493 578 1558 etiamnum
597 1509 704 1556 extant
722 1493 898 1581 fragmenta
915 1481 1074 1554 Declama-

54 1594 147 1658 tioutun
164 1597 351 1678 Quintiliani
367 1599 515 1679 nomine,
536 1621 606 1686 quta
630 1598 671 1662 ad
694 1620 798 1686 usque
813 1619 985 1660 numerum
1009 1595 1074 1660 136
1185 1622 1187 1628 ·

54 1695 179 1766 Thadaus
198 1701 359 1793 Ugoletus
388 1703 564 1768 Parmensis
593 1705 627 1767 in
658 1705 824 1794 publicum
849 1701 946 1768 dedit.
979 1699 1020 1766 Id
1043 1697 1088 1765 et‘

56 1799 221 1892 deprehendi
242 1811 276 1873 in
299 1810 339 1873 iis
363 1793 491 1897 potest,
508 1834 586 1898 quas
609 1811 722 1874 Annaei
738 1809 868 1874 Senecae
888 1809 985 1897 patris
1006 1829 1075 1872 esse

56 1913 180 1998 superiori
200 1918 305 2004 capite
326 1917 437 1980 censui
453 1937 462 1980 :
476 1939 537 1980 nec
555 1913 691 1980 dubium
707 1931 771 1996 est,
792 1916 870 2002 quin
882 1930 968 1980 recte
981 1915 1014 1979 in
1030 1915 1075 1980 eis

56 2014 183 2082 institutus
197 2019 404 2102 adolescens,
420 2025 541 2107 majore
560 2021 729 2108 profectu,
748 2043 809 2085 nec
820 2020 914 2084 illotis
927 2020 1073 2084 manibus
1185 2027 1190 2035 '

55 2118 95 2184 lus
103 2125 179 2188 civile
188 2142 411 2213 pertractaret.
429 2127 493 2191 Sed
504 2128 557 2191 vix
569 2128 706 2191 obtineri
718 2129 786 2192 haec
797 2127 878 2190 ratio
893 2125 992 2192 hodie
1003 2149 1073 2215 pos-

55 2243 101 2307 tet,
117 2231 194 2317 quod
208 2235 271 2298 rari
290 2232 493 2298 Grammatici
514 2235 591 2299 huic
610 2235 737 2299 muneri
753 2236 817 2322 apti
831 2236 892 2298 sint
907 2255 917 2299 ε
932 2250 964 2298 et
978 2235 1003 2297 si
1018 2235 1074 2321 qui
1116 2273 1120 2280 ·

57 2332 165 2421 aloquin
176 2338 346 2420 essent,ad
358 2331 517 2421 uberiora,
529 2341 720 2428 utilioraque
730 2340 853 2429 Legum
866 2357 896 2404 et
908 2339 1075 2405 Medicinae

58 2437 135 2502 studia
143 2445 333 2528 pertransire
344 2444 481 2526 malunt,
494 2467 591 2534 quam
601 2447 685 2509 inter
698 2467 816 2533 pueros
832 2465 1071 2510 consenescere.

59 2539 125 2607 luter
142 2545 366 2615 declamatores
386 2550 512 2615 celebre
532 2567 579 2614 est
598 2550 696 2616 hodie
715 2549 837 2616 Libanii
852 2551 1007 2638 Sophistae
1022 2572 1077 2614 no
1153 2623 1156 2630 ¹

59 2667 126 2730 utu,
141 2655 191 2741 qui
205 2656 328 2720 horum
340 2654 519 2720 studiorum
535 2657 628 2721 causa
640 2654 719 2722 ¹sane
730 2678 826 2744 quam
845 2672 951 2744 gratus
967 2676 1076 2742 accep-

60 2765 148 2841 tusque
161 2757 285 2826 Iuliano
303 2761 493 2850 Imperatori
504 2761 566 2825 fuit
578 2783 586 2826 ε
597 2765 663 2849 ejus
677 2762 772 2828 num
784 2761 949 2851 Euuapius
962 2758 1077 2825 descri-

60 2858 117 2942 psit:
126 2881 157 2927 ut
165 2865 251 2933 Pauli
264 2867 356 2957 Tyrii
365 2867 520 2957 Sophiste
530 2867 651 2933 Suidas.

184 3249 238 3312 Jo.
259 3248 487 3311 LUDOVICUS
508 3249 626 3311 VIVES
649 3249 922 3326 VALENTINUS,

284 3416 346 3472 Lib.
359 3417 427 3489 ΙΙΙ,
447 3422 633 3473 detrudendis
652 3423 809 3490 disciplinis.

93 3581 223 3658 Senecam
238 3593 416 3661 Rhetorem
436 3595 541 3660 licebit
557 3596 722 3677 evolvere,
744 3617 762 3661 a
782 3620 848 3685 quo
869 3599 1006 3664 multum
1021 3599 1076 3665 ad-

61 3689 191 3769 juvabitur
209 3702 402 3784 verborum,
429 3721 462 3767 et
481 3705 702 3793 propriorum,
730 3721 761 3769 et
783 3708 1007 3772 translatorum
1028 3711 1077 3792 vi,

64 3805 114 3860 tum
125 3807 220 3892 copia,
236 3824 269 3872 et
283 3810 454 3876 varietate:
467 3826 582 3874 utrem
598 3810 742 3874 eamdem
753 3813 883 3892 crebro,
896 3831 927 3877 et
938 3815 1006 3878 sine
1018 3816 1076 3878 fas-

64 3897 119 3966 lldlo
130 3913 240 3996 possint
257 3936 437 4002 exponere:
452 3916 654 4004 multumque
670 3915 757 3982 alere
772 3935 877 4006 potest
894 3919 1075 3984 facundiam

65 4001 174 4103 hilum,
186 4023 381 4112 metaphoris
399 4024 612 4112 potissimum,
633 4047 698 4113 prte
714 4026 833 4092 caetens
851 4026 1076 4115 scriptoribus,

65 4107 148 4185 dextre
156 4125 409 4194 accommodatis.
