2876 4804
400 347 445 422 30
717 347 856 416 ANDR.
884 347 1134 430 SCHOTTUS,

396 467 557 561 hospitem
566 467 742 534 admodum
753 489 820 532 esse
830 466 863 530 in
876 467 925 530 his
931 467 1138 535 interioribus
1148 467 1259 536 litteris
1266 493 1425 561 cmnmqu

395 598 525 642 necesse
537 576 587 641 sit.
609 575 666 638 His
679 573 838 660 adjiciam,
855 574 881 636 si
895 589 1027 662 potero,
1040 595 1101 640 usu
1112 574 1239 664 pridem
1248 577 1425 668 lectioneqn

394 685 570 748 observata.
584 681 727 761 Primus,
738 682 803 766 jam
819 679 895 744 inde
906 703 925 743 a
936 681 1079 745 retractis
1090 703 1109 745 e
1121 682 1197 771 fuga
1207 685 1358 768 majorum
1373 707 1425 750 nos

392 806 519 854 trorum
543 787 699 852 memoria
727 775 839 851 litteris
867 803 899 850 et
928 786 1123 876 disciplinis,
1152 789 1259 852 Xicho
1289 790 1422 856 Polento

391 900 499 962 nescio
515 895 596 986 quis,
609 917 750 982 cumque
765 911 920 982 sequutus
934 895 1017 960 llod.
1027 897 1176 985 Agricola
1186 898 1312 980 Frisius,
1325 899 1425 988 quiali

390 1019 473 1092 quot
488 1002 731 1067 declamationes
752 1001 895 1082 scholiis,
921 1017 958 1066 ut
978 1017 1162 1091 temporum
1176 1006 1287 1092 genius
1300 1005 1421 1070 ferebat

389 1109 573 1190 illustravit,
586 1109 622 1172 L.
636 1109 788 1172 Senecam
799 1107 1045 1196 philosophum,
1061 1125 1094 1172 et
1107 1126 1282 1192 oratorem,
1294 1111 1425 1176 eumden

388 1237 457 1280 esse
480 1215 622 1279 censuit:
648 1217 739 1301 cujus
765 1229 830 1278 tres
850 1213 905 1276 filii
917 1215 1078 1296 Noratus,
1102 1215 1186 1282 Mela
1203 1218 1322 1281 Lucani
1339 1233 1425 1306 poeta

387 1334 494 1414 pater,
511 1339 543 1386 et
554 1322 695 1404 Seneca,
708 1320 796 1386 solus
808 1322 861 1385 ille
872 1321 1061 1402 latinorum,
1075 1324 1129 1411 qui
1140 1325 1425 1413 existant,tragious

387 1429 451 1496 Sed
477 1445 577 1512 errat,
597 1451 669 1494 mea
691 1428 821 1518 quidem
843 1431 1014 1510 sententia;
1036 1432 1201 1520 ignoscant
1221 1431 1336 1512 modo,
1357 1455 1425 1520 quo

386 1554 453 1596 non
463 1532 614 1612 sollicito,
629 1531 741 1595 Manes
756 1532 913 1619 Agricolae
923 1532 984 1596 viri
995 1534 1116 1620 optime
1135 1533 1176 1598 de
1195 1534 1307 1598 litteris
1317 1535 1425 1616 meriti,

384 1633 476 1722 quod
496 1657 536 1697 ex
558 1632 648 1698 Italia
672 1631 911 1720 disciplinarum
932 1650 1065 1720 parente
1083 1635 1232 1724 princeps
1254 1635 1288 1699 in
1311 1636 1425 1702 Genua

385 1742 486 1819 niam,
505 1737 638 1825 depulsa
653 1737 819 1817 Barbarie,
834 1738 887 1802 vel
897 1739 1061 1804 Hermolai
1073 1743 1220 1823 Barbati,
1238 1743 1325 1810 bone
1337 1745 1425 1824 Deus

381 1848 491 1934 quanti
507 1847 565 1909 viri
578 1893 586 1926 ,
601 1845 774 1909 litteratum
789 1843 899 1909 lumen
912 1848 1063 1912 attulerit.

519 1965 589 2020 Avia
598 1961 736 2018 Pieridum
750 1981 892 2037 peragrans
904 1964 976 2033 loca,
990 1965 1089 2020 nullius
1100 1977 1163 2022 ante

517 2063 594 2116 Trita
608 2061 674 2115 solo.

422 2163 564 2253 Raphael
579 2173 659 2228 vero
670 2163 898 2227 Volaterranus
909 2165 1032 2251 primus
1038 2165 1079 2229 ad
1087 2185 1200 2232 terum
1213 2171 1341 2253 evasiu,
1349 2192 1425 2235 eum·

378 2294 443 2361 que
461 2287 590 2335 secutus
606 2268 690 2334 And.
719 2270 859 2334 Alciatus
876 2271 929 2333 JC.
949 2270 1095 2358 insignis,
1113 2276 1204 2358 cnjus
1219 2295 1238 2337 e
1252 2273 1348 2358 ludo,
1365 2293 1425 2342 tan·

378 2399 473 2465 quam
484 2399 524 2442 ex
534 2399 620 2465 equo
631 2375 877 2461 Trojano,meri
886 2376 1003 2440 heroes
1013 2375 1424 2464 prodierunt,declumatio·

376 2507 455 2547 num
472 2484 533 2548 hos
550 2483 648 2548 libros
659 2483 757 2571 patris
772 2503 839 2546 esse
848 2531 856 2565 ,
866 2505 934 2546 non
943 2481 997 2546 filii
1012 2483 1197 2572 philosophi
1210 2485 1306 2552 Stoici
1319 2487 1424 2554 admo·

373 2591 444 2654 nult
456 2596 615 2688 Παρίργων
630 2589 743 2670 lleV,
757 2611 824 2676 cap.
840 2593 888 2668 14,
898 2588 986 2672 Quin
993 2589 1150 2678 tragicum
1158 2607 1189 2654 et
1198 2594 1423 2683 philosophum

373 2696 524 2762 eumdem
538 2719 605 2760 esse
612 2696 765 2782 judicavit
777 2717 786 2758 t
799 2694 889 2781 quod
905 2709 938 2758 et
949 2694 1034 2783 apud
1049 2696 1200 2760 saeculum
1213 2700 1301 2785 prius
1311 2701 1339 2765 F
1340 2725 1420 2766 rane.

371 2803 587 2882 Petrarcham,
594 2814 794 2888 repugnante.
804 2801 965 2882 Boccatio,
977 2803 1010 2865 in
1024 2802 1141 2867 litteras
1148 2805 1266 2868 misisse
1276 2807 1422 2888 irtaudiri,

371 2925 547 2996 tueturque
563 2907 680 2971 diserte
695 2907 853 2970 Martinus
872 2907 1001 2972 Delrius
1023 2909 1146 2999 collega
1165 2927 1274 2976 noster
1288 2912 1423 2980 doetissi-

369 3037 450 3079 mus.
473 3013 537 3078 Sed
551 3013 749 3102 Agricolam,
769 3035 946 3100 omnesque
963 3017 1020 3101 qui
1035 3017 1131 3081 vitam
1149 3018 1183 3082 L.
1203 3017 1332 3084 Senecas
1352 3045 1422 3086 con·

369 3123 558 3201 cinnarunt,
572 3120 623 3185 vel
638 3121 792 3208 temporis
807 3121 889 3184 ratio
901 3120 992 3186 facile
1005 3122 1129 3188 refellit.
1142 3124 1252 3208 Quare
1261 3141 1297 3190 ut
1307 3127 1419 3192 libera·

366 3229 402 3292 lis
419 3251 549 3307 censor,
563 3228 714 3292 Senecam
724 3227 862 3291 alterum
876 3227 1013 3310 addens,
1026 3230 1175 3318 recipiam
1186 3233 1219 3296 in
1235 3255 1371 3300 censum
1387 3257 1419 3300 ac

366 3335 522 3400 natalibus
545 3334 730 3414 restituam,
760 3347 791 3396 et
819 3333 975 3397 illustrem
996 3334 1081 3400 illam
1106 3335 1208 3401 doctis
1232 3338 1418 3430 diseru'squc

364 3441 549 3505 hominibus
561 3442 714 3504 Annaeam
726 3455 855 3528 gentem
870 3441 1006 3529 augebo.
1029 3442 1207 3532 Principio,
1225 3461 1261 3509 ut
1278 3445 1357 3512 hine
1374 3469 1418 3512 or·

365 3546 448 3630 diar,
462 3545 649 3612 incredibile
666 3545 754 3611 dictu
766 3561 897 3610 eentum
913 3563 945 3612 et
958 3548 1067 3637 viginti
1082 3571 1183 3614 annos
1196 3566 1307 3615 natum
1318 3553 1416 3619 Sene·

362 3677 431 3719 cam
447 3653 506 3719 sibi
519 3653 712 3733 constitisse,
730 3653 965 3742 memoriaque,
987 3677 1084 3742 quam
1107 3653 1162 3742 (ut
1182 3655 1337 3746 diximus)
1353 3677 1416 3726 tan·

359 3777 474 3849 topere
492 3759 655 3848 praedieat,
679 3758 813 3824 valuisse
827 3759 955 3848 :quales
989 3759 1166 3856 μακροὸίους
1197 3763 1249 3826 vix
1274 3766 1415 3855 singulos

359 3869 490 3957 singulae
509 3883 612 3932 aetates
637 3866 842 3936 ferunt:nec
865 3867 953 3956 apud
978 3868 1185 3952 Lucianum²,
1201 3869 1413 3961 Phlegontem

403 4017 425 4052 1.
442 3995 504 4051 Lib.
521 3993 682 4066 Anthropol.
697 4012 756 4047 xrx.

396 4119 422 4155 a.
442 4097 508 4151 Luc.
528 4095 555 4147 in
571 4091 727 4148 Macrobiis.
