2842 4812
278 511 712 585 CONTROVERSIARUM
735 513 818 582 ΠΒ.
842 515 900 582 lv.
1060 513 1124 583 335

30 651 34 664 “
61 640 353 710 exercitationibus
367 639 512 709 delicate
524 640 736 726 nutriuntur,
754 657 792 710 ut
803 640 1005 724 clamorem,
1017 640 1123 710 silen-

60 755 158 841 tium,
178 757 310 838 risum,
332 753 451 824 celum
471 754 619 847 deniqne
638 756 710 847 pati
724 757 890 824 nesciant.
905 757 982 824 Non
995 771 1047 824 est
1058 778 1123 824 su·

59 885 120 938 tem
136 871 231 940 utilis
249 872 461 951 exercitatio,
480 870 548 938 nisi
566 893 640 962 que
658 865 755 964 operi
769 870 938 940 simillima
952 887 1003 939 est
1015 871 1066 939 illi
1079 869 1124 940 ad

58 983 142 1076 quod
158 1003 295 1056 exercet
312 988 453 1079 :itaque
476 984 595 1053 durior
618 984 703 1054 solet
727 1007 799 1054 esse
822 1010 902 1056 vero
926 987 1122 1058 certamine.

58 1100 266 1173 Gladiatores
283 1102 497 1200 gravioribus
519 1102 621 1170 armis
638 1101 798 1184 discunt,
820 1126 922 1195 quam
942 1120 1118 1198 pugnant:

57 1215 177 1287 diutins
189 1221 269 1288 illos
281 1221 442 1314 magister
454 1233 611 1299 armatos,
627 1241 728 1310 quam
741 1217 955 1286 adversarius
966 1221 1120 1288 sustinet.

57 1335 235 1404 luctantes
252 1336 351 1404 binos
367 1335 467 1404 simul
483 1358 524 1403 ac
542 1347 657 1402 ternos
675 1334 835 1428 fatigant,
852 1349 891 1402 ut
904 1334 1036 1403 facilius
1050 1337 1123 1404 sin-

56 1449 137 1540 gulis
161 1453 337 1522 resistant.
361 1453 546 1535 Cursores,
569 1447 661 1541 quod
683 1450 773 1518 intra
795 1452 953 1544 exiguum
975 1452 1119 1545 spatium

56 1561 94 1632 de
108 1566 291 1636 velocitate
313 1590 432 1636 eorum
444 1565 634 1659 judicetur,
660 1561 698 1630 id
717 1587 804 1657 saepe
825 1566 862 1633 in
881 1567 1121 1634 exercitatione
1151 1647 1153 1652 Ι

55 1676 257 1764 decurrunt,
273 1681 366 1775 quod
379 1679 483 1750 semel
494 1679 670 1748 decursuri
682 1693 761 1745 sunt
772 1683 807 1746 in
820 1680 1016 1747 certamine.
1030 1680 1121 1748 Mul-

56 1795 226 1888 tiplieatnr
239 1819 279 1866 ex
293 1795 459 1865 industria
481 1794 578 1863 labor
593 1817 661 1885 quo
683 1793 922 1874 condiscimus,
939 1811 977 1862 ut
989 1795 1121 1864 levetur

55 1933 115 2001 quo
134 1912 364 1983 decernimus.
388 1913 428 1981 In
451 1910 660 1980 scholasticis
682 1908 983 1979 declamationibus
1002 1927 1119 1980 contra
1163 1961 1168 1976 ,

1 2089 2 2112 2
56 2031 162 2097 evenit
180 2055 189 2098 ε
206 2029 319 2097 omnia
332 2026 499 2108 molliora,
516 2040 551 2094 et
565 2024 725 2094 solutiora
738 2041 833 2115 sunt3
849 2025 886 2094 in
901 2026 975 2096 loro
987 2045 1118 2120 partem

54 2143 220 2236 occipiunt
232 2192 244 2229 ,
271 2147 308 2213 in
331 2143 446 2212 schola
467 2139 613 2235 eligunt.
638 2141 715 2210 Illic
731 2141 841 2234 judici
866 2142 1115 2212 blandiuntur:

1 2257 2 2260 ’
53 2248 104 2322 lic
116 2258 310 2327 inserviunt
319 2283 329 2347 3
346 2258 417 2326 illic
432 2259 522 2326 inter
538 2257 708 2325 fremitum
720 2259 1000 2328 circumsonantis
1011 2259 1119 2328 turboe

56 2366 279 2440 intendendus
293 2372 426 2440 animus
438 2387 490 2440 est
499 2421 508 2456 ,
525 2394 589 2438 vox
600 2371 645 2440 ad
662 2394 763 2440 aures
774 2371 902 2465 judicis
913 2373 1117 2466 perferenda

54 2497 97 2550 cst
111 2509 119 2550 :
135 2484 197 2553 hic
209 2509 252 2552 ex
264 2485 360 2554 vultu
374 2482 519 2552 dicentis
532 2484 684 2577 pendent
695 2487 843 2558 ‚omnium
858 2487 984 2555 vultus.
997 2489 1115 2583 ltaque

54 2599 138 2670 velut
150 2625 192 2670 ex
205 2601 363 2670 umbroso
378 2616 412 2669 et
426 2600 570 2670 obscuro
585 2598 792 2697 prodeuntes
806 2602 901 2687 loco,
917 2601 1015 2670 clarae
1029 2603 1114 2670 lucis

55 2710 158 2809 fulgor
171 2717 320 2786 obcaeost
336 2743 344 2784 ι
361 2717 411 2785 sic
424 2718 505 2784 istos
518 2739 537 2783 a
551 2716 676 2784 scholis
694 2717 730 2783 in
749 2715 861 2785 lorum
871 2733 1110 2801 transeuntes,

53 2835 155 2902 omnia
168 2849 328 2926 tanquam
345 2855 431 2899 nova
445 2846 480 2898 et
493 2831 650 2899 inusitata
662 2828 864 2921 perturbant
881 2858 889 2898 :
907 2849 971 2901 nec
984 2849 1061 2900 snte
1075 2834 1111 2900 in

53 2963 210 3016 oratorem
232 2945 510 3024 corroborantur,
531 2968 638 3037 quam
662 2944 775 3013 multis
795 2945 976 3038 perdomiti
991 2962 1113 3016 contu·

53 3062 167 3148 meliis,
193 3061 360 3156 puerilem
387 3061 561 3140 animum,
587 3056 796 3140 scholasticis
820 3058 953 3128 deliciis
975 3061 1113 3156 langui-

52 3172 139 3262 dum,
157 3201 240 3246 vero
263 3175 378 3245 labore
399 3172 578 3241 durarunt.
601 3171 771 3266 Lepidus,
792 3175 847 3242 vir
860 3177 1055 3268 egregius¹‚
1078 3194 1112 3246 et

51 3292 102 3380 qui
113 3290 366 3371 declamatorio,
386 3311 457 3355 non
474 3285 658 3356 studio²...

50 3453 215 3508 mlhdem
227 3451 330 3516 Fabius,
345 3449 391 3502 lib.
402 3448 442 3512 X,
454 3468 507 3522 esp.
519 3451 551 3514 5,
600 3446 714 3518 colligo,
736 3445 807 3518 quod
830 3447 968 3502 Montanus
990 3451 1111 3506 Votienus

51 3540 141 3582 extrem
150 3527 249 3582 Μαι.
600 3523 684 3577 adbuc
708 3522 839 3576 nonaum
864 3536 960 3578 tantum
984 3526 1031 3596 (id
1051 3543 1109 3596 cst,

82 3626 102 3658 r.
111 3607 241 3676 lepidus,
254 3609 297 3658 vir
310 3605 433 3672 egregius.
450 3602 487 3653 Μ.
501 3601 554 3654 lae-
601 3599 753 3672 speriosam,
767 3620 822 3653 non
833 3610 936 3662 voram)
950 3623 1050 3658 cauum
1061 3608 1111 3659 de.

53 3681 238 3756 pidmnaccipio
250 3693 431 3755 preceptorem
441 3679 553 3732 Neronis
602 3679 653 3742 dit,
675 3699 719 3731 tur
737 3699 791 3732 non
810 3680 977 3746 declamaret;
997 3696 1020 3736 et
1038 3685 1068 3738 de
1081 3705 1110 3738 ea

50 3757 138 3828 Drusi,
150 3781 225 3833 quem
239 3761 266 3812 in
284 3760 378 3831 praelat.
389 3755 432 3808 lib.
444 3757 483 3814 Χ,
496 3775 553 3810 cum
602 3756 718 3810 nondum
738 3757 825 3811 omnia
844 3772 880 3812 est
904 3775 1039 3816 enecatus.
1052 3765 1111 3815 Post

51 3833 138 3892 sauro
151 3833 553 3902 declamasse‚etC.'l'atituslib.
602 3854 658 3905 que
683 3835 714 3886 ds
734 3855 793 3888 vera
815 3837 894 3908 egisse
914 3837 1031 3902 videtum
1054 3837 1110 3890 vide

49 3912 86 3976 ll.
100 3914 145 3970 Cn.
158 3914 247 3969 Pisoni
262 3913 339 3968 eolis
350 3910 499 3966 Germanioi
511 3929 554 3962 reo
602 3913 695 3985 praelat.
707 3911 764 3965 init.
774 3913 886 3968 Multum
895 3929 977 3969 autem
985 3917 1111 3969 adlevan-

51 3989 148 4046 tdluisse
159 3993 271 4046 tradunt·
285 3991 321 4043 N.
333 3989 428 4042 Faber.
604 3990 664 4043 dum
686 3990 834 4046 amissorum
849 3993 1002 4047 desiderium
1021 3996 1109 4046 tonis-

80 4069 135 4124 2Jlt
143 4076 189 4144 qui
195 4073 392 4132 declamatorio,
400 4055 552 4120 nonsludio.
601 4076 651 4131 ret,
665 4063 686 4118 si
699 4065 758 4135 quis
771 4068 861 4142 jungat
873 4069 912 4122 his
924 4083 949 4121 et
960 4069 1028 4140 legat
1040 4088 1109 4142 prae-

52 4145 214 4204 llultadeesse
222 4147 352 4202 videntur.
364 4145 393 4196 ld
405 4142 464 4196 inde
476 4141 551 4195 etism
604 4143 646 4194 sat.
661 4141 782 4200 Controv.
796 4147 841 4200 tlt.
852 4147 949 4200 Schult.
1074 4175 1076 4180 ,

439 4274 730 4310 ψ’
