2866 4814
235 503 680 577 conradvsastannm
704 493 785 574 sta.
810 509 842 590 1,
871 510 901 571 3.
1060 531 1123 600 109

58 641 141 707 etiarn
155 640 340 720 damnata,
361 637 390 701 si
405 635 568 701 innocens
586 645 662 725 post
678 633 924 700 damnationem
939 615 1117 728 apparuit,

55 755 143 846 dejici
159 773 231 822 non
246 751 390 821 debeat.
405 749 459 817 Au
475 749 549 817 haec
565 751 729 816 innocens
745 749 789 815 sit
804 763 811 815 t
829 749 882 816 Au
894 749 965 816 haec
979 749 1119 819 deorum

56 871 213 964 adjutorio
230 883 367 938 servate
386 869 441 934 sit.
679 957 683 964 ἦ

2 1021 3 1056 1
93 988 228 1054 Casurus
240 1003 277 1053 et
292 982 352 1050 illa
367 981 540 1074 subjunxit
554 982 636 1049 huie
647 981 772 1050 ultimae
786 983 963 1074 quaestioni
979 1007 986 1051 :
1003 985 1056 1051 An
1071 983 1120 1051 dii

54 1102 250 1170 immortales
265 1101 492 1168 humanarum
508 1113 620 1164 rernm
636 1109 751 1166 curam
768 1115 882 1190 agant.
898 1101 939 1167 Et
955 1097 982 1168 si
997 1119 1118 1195 agunt,

2 1241 3 1246 ¹
54 1219 97 1286 ln
113 1219 331 1312 singulorum
359 1228 481 1307 agant3
503 1215 531 1281 si
550 1215 759 1307 singulorum
785 1231 907 1308 agant,
938 1218 992 1285 An
1018 1211 1130 1311 hujus

54 1338 190 1429 egerint.
212 1332 434 1428 Improbabat
446 1330 625 1414 Albutius,
656 1330 747 1424 quod
773 1331 847 1408 haec
869 1355 941 1428 non
959 1353 1119 1430 tanquam

54 1451 231 1542 particulas
242 1453 458 1517 incurrentes
470 1447 508 1513 in
522 1448 743 1538 questionem
757 1465 952 1535 tractasset,
967 1449 1026 1518 sed
1045 1468 1121 1520 tau-

56 1587 146 1658 quam
159 1565 377 1660 problemata
390 1561 649 1659 φιλοσοφούμενα.

93 1687 216 1752 Fuscos
236 1685 401 1750 maturus
414 1702 513 1747 rsrrn
526 1680 575 1748 sio
587 1677 703 1746 divisit
719 1707 726 1745 :
743 1681 863 1748 Utrum
877 1682 1011 1750 incestte
1023 1707 1121 1776 pirna

56 1801 92 1867 sit
106 1797 231 1892 dejici,
252 1822 298 1865 an
314 1798 449 1889 perire:
469 1813 582 1863 utrum
596 1795 810 1888 providentia
826 1797 964 1866 deorum
983 1823 1027 1866 an
1041 1823 1120 1870 casu

55 1931 175 1984 servata
195 1917 253 1981 sit.
276 1911 310 1982 Si
332 1913 504 1982 voluntate
522 1909 664 1979 deorum
681 1925 811 1980 serrata
830 1913 890 1998 sit,
917 1935 960 1982 an
980 1915 1016 1983 in
1033 1916 1117 1999 hoc,

55 2029 434 2121 transcampana.
458 2009 460 2014 ’

2 2181 3 2184 ¹
96 2147 262 2215 COLOR.
279 2147 344 2212 Hic
362 2144 456 2212 color
468 2144 539 2212 iere
552 2127 728 2211 sententiis
744 2163 828 2237 quas
840 2147 1022 2240 proposui,
1039 2169 1122 2242 per-

2 2287 3 2362 ]
55 2265 168 2332 mixtus
179 2280 246 2331 est.
262 2261 360 2354 Quid
371 2277 482 2328 tumen
494 2264 629 2330 Cssrtus
640 2263 795 2348 senserit,
808 2263 982 2332 indicabo.
994 2267 1119 2337 Contra

2 2432 3 2444 ,
56 2381 278 2462 noeruotem,
295 2380 356 2470 qui
369 2377 575 2459 dixerunt',
594 2377 702 2447 videri
726 2378 807 2446 deos
830 2375 1058 2464 infestanti,
1083 2380 1119 2452 in
1178 2471 1179 2476 ἵ

2 2517 3 2554 1
57 2495 116 2566 hoc
126 2519 200 2567 eam
213 2509 366 2566 servasse
375 2545 386 2580 ,
407 2511 445 2562 ut
460 2495 590 2564 diutius
605 2503 834 2587 torqueretur,
849 2497 961 2565 aiebat
972 2499 1117 2587 Cestius,

2 2635 3 2658 ³
58 2613 208 2682 melleae
233 2635 315 2680 casu
330 2609 441 2679 videri
465 2611 607 2692 factum,
634 2633 735 2703 qnam
760 2610 900 2679 deorum
923 2613 1117 2704 voluntate3

59 2749 126 2798 narn
144 2731 174 2796 si
192 2727 300 2797 semel
315 2721 392 2794 illos
408 2727 616 2796 intervenire
629 2725 711 2795 huic
726 2726 777 2794 rei
794 2726 989 2812 fateremur,
1010 2733 1121 2799 mani·

60 2843 164 2914 festius
180 2845 249 2913 erit
263 2845 301 2912 in
318 2867 418 2936 poena
438 2859 601 2930 servatam
620 2867 693 2912 esse
707 2843 937 2926 sacerdotem,
958 2870 1058 2938 quam
1085 2849 1121 2918 in

59 2981 181 3050 ptenam
199 2977 323 3029 actam

2 3129 3 3134 η
102 3079 289 3170 AEquemn
301 3071 466 3170 probabat
478 3073 709 3145 illa²Tn1tnrn
722 3077 1120 3173 Remissamtibipoeoam

60 3197 172 3286 putas?
190 3194 360 3286 Ampliata
371 3209 464 3261 estet
477 3195 571 3285 ipsa,
589 3193 718 3284 inquit,
740 3193 931 3286 ampliatio,
945 3217 1020 3286 quae¹
1031 3199 1122 3290 apud

57 3308 181 3400 jndices
199 3305 276 3377 fieri
294 3303 380 3377 solet
395 3335 404 3375 ι
419 3325 454 3375 et
466 3307 608 3375 verbum
625 3309 662 3375 in
680 3309 848 3378 sententia
872 3310 1034 3402 positum,
1052 3337 1122 3381 non

63 3443 106 3494 est
118 3428 327 3505 danmatio,
351 3424 411 3493 sed
427 3425 626 3493 dubitantis.
648 3425 902 3494 Declamauerat
917 3427 1008 3518 apud
1024 3427 1118 3498 illurn

64 3534 140 3612 hano
156 3547 263 3638 ipsam
282 3543 545 3611 controversiam
572 3543 682 3610 Varus
707 3537 915 3634 Quintilius,
934 3560 1015 3612 tnnc
1033 3547 1122 3615 Ger

2 3815 4 3840 r
65 3773 234 3852 litunqusm
249 3797 309 3846 ara,
327 3790 469 3832 consecrata
483 3791 561 3830 erant.
612 3771 1123 3850 ilie,N.Faberndtattssxsequcntibus

2 3852 4 3858 ’
64 3853 146 3912 Svlm,
612 3867 715 3928 apparet
741 3855 772 3908 de
797 3852 880 3909 Cestio
910 3858 981 3931 loqui
1008 3875 1121 3920 nostrum

95 3957 112 3988 ι.
128 3941 224 3993 contra
243 3941 402 3992 sacerdodem
422 3934 468 4006 qni
485 3933 564 3987 dixe·
613 3933 794 3998 anctorem,ad
807 3933 885 3986 finem
899 3957 976 4008 usquc
990 3939 1041 3988 iere
1053 3937 1124 3990 Con-

2 4015 3 4018 ’
65 4015 228 4071 nmffinles
245 4015 318 4080 hee,
338 4015 388 4066 nisi
404 4011 488 4086 leges,
506 4015 564 4082 qui—
612 4011 747 4066 troversioe.
767 4008 853 4081 Quare
869 4013 919 4068 hoe
935 4015 991 4068 loco
1009 4014 1124 4070 lubenter

67 4093 121 4144 darn
132 4097 261 4150 dt'oeerunt.
272 4091 375 4148 Schola.
613 4089 722 4166 legerem
737 4132 745 4158 ,
767 4089 860 4162 AEqac
878 4112 930 4144 non
945 4093 1041 4160 probol
1056 4096 1126 4146 illud

96 4169 205 4243 nAEqae
214 4195 265 4226 non
270 4169 467 4243 probabatillo.
475 4169 563 4238 Quum
616 4165 716 4221 Triarii
724 4189 732 4220 .·
741 4167 893 4220 Remissane
903 4163 951 4221 trba·
959 4187 1066 4238 poenam
1073 4193 1122 4238 pu-

71 4243 121 4299 ol'tm
137 4251 260 4324 legerelnr
272 4270 280 4305 t
290 4267 351 4319 qaoe
367 4268 418 4301 non
433 4247 565 4315 probabat
613 4247 676 4301 las?
692 4247 831 4314 Ampliutu
846 4257 891 4299 est.
906 4245 979 4298 Nam
994 4250 1067 4315 ipso,
1084 4243 1124 4301 in·
