2874 4796
291 463 522 534 exosum
545 465 707 533 corun.
733 467 814 536 tto.
839 468 900 536 111.
1065 471 1134 562 499

55 613 96 667 et
114 594 303 666 haberetur
323 592 487 675 disertus,
509 593 538 660 si
553 616 573 661 o
596 592 836 687 praeloeutione
851 593 1055 684 dimitteret3
1071 595 1132 666 de·

56 692 183 780 elamat
199 726 268 778 tnm
296 706 407 793 male,
433 722 474 775 ut
490 704 608 776 videor
632 707 721 776 belle
749 725 880 801 optasse
906 734 1012 803 quum
1031 709 1125 780 dixi:

56 827 244 918 Nunquam
267 826 422 916 surgas¹.
447 825 571 916 Magus
589 838 624 890 et
647 824 739 892 varia
762 847 817 892 res
839 840 891 893 est
912 826 1131 918 eloquentia:

56 963 128 1010 neo
150 937 265 1008 adhue
285 937 350 1007 nlli
373 937 423 1006 sio
447 934 613 1024 indulsit,
639 953 678 1006 ut
700 953 771 1007 tots
794 934 1009 1035 contingeret
1026 965 1035 1008 ι
1050 942 1133 1010 satis

58 1055 145 1124 felix
159 1069 234 1140 est,
254 1053 313 1145 qui
331 1054 368 1125 in
388 1051 536 1144 aliquem
554 1052 628 1145 ejus
645 1069 777 1147 partem
794 1070 845 1124 est
864 1071 1034 1150 receptus.
1057 1060 1134 1153 Ego

57 1187 175 1240 tamen
189 1185 224 1238 et
237 1170 409 1264 propriam
423 1191 555 1238 ouusnm
572 1167 694 1239 videor
703 1193 802 1264 posse
814 1170 958 1241 reddere
976 1197 984 1240 ε
999 1177 1132 1244 assuevi

57 1311 133 1357 non
151 1285 340 1358 auditorem
359 1299 531 1379 spectare,
553 1283 612 1354 sed
625 1283 778 1378 judicem
795 1312 803 1353 ε
820 1291 951 1358 assuevi
963 1313 1031 1358 non
1046 1292 1133 1361 mihi

59 1401 289 1498 respondere,
311 1397 370 1469 sed
389 1399 598 1470 adversario.
626 1404 702 1470 Non
730 1403 844 1472 minus
869 1403 984 1474 devito
1006 1429 1133 1501 super-

58 1541 168 1588 vacua
189 1517 324 1603 dicere,
350 1518 656 1616 qunmoontrsris.
679 1520 720 1586 In
740 1518 939 1590 scholastica
959 1519 1043 1614 quid
1060 1545 1131 1592 non

58 1658 309 1729 supervacuum
322 1649 384 1717 est,
399 1658 503 1727 quum
515 1635 588 1728 ipso
598 1657 807 1728 supervacuo
817 1637 880 1705 sit?
888 1635 1050 1707 Indicabo
1064 1638 1128 1708 tibi

57 1750 218 1819 affectum
228 1773 340 1818 meum
355 1773 478 1842 :quum
488 1752 525 1818 in
535 1751 608 1820 foro
617 1750 707 1834 dieo,
717 1751 848 1845 aliquid
860 1777 924 1846 ago
938 1780 946 1822 :
958 1778 1063 1848 quum
1074 1752 1134 1824 de-

58 1865 190 1950 clamo,
211 1864 247 1934 id
264 1863 356 1957 quod
373 1865 556 1934 bellissime
569 1866 798 1936 Censorinus²
815 1868 928 1939 aiebat
944 1868 988 1939 de
1000 1870 1055 1941 bis
1068 1873 1129 1963 qui

58 1981 210 2051 honores
222 1982 259 2048 in
272 1980 468 2075 municipiis
481 1981 659 2051 ambitiose
672 1997 846 2076 peterent,
863 1985 985 2055 videor
996 1987 1082 2057 mibi
1094 1990 1133 2056 in

59 2101 188 2170 somnis
201 2097 370 2167 laborare.
385 2096 518 2167 Deinde
533 2121 587 2166 res
595 2099 671 2191 ipsu
682 2098 815 2169 diversa
826 2117 888 2172 est.
901 2103 1026 2174 Totum
1036 2105 1132 2174 aliud

59 2230 129 2297 est,
151 2237 308 2308 pugnare
331 2238 341 2282 ι
361 2210 478 2297 aliud,
499 2207 698 2283 ventilare³.
723 2218 794 2284 lloo
817 2216 864 2286 ita
883 2241 1017 2312 semper
1030 2219 1132 2290 urbi-

58 2347 186 2402 tratum
205 2347 277 2413 est,
299 2328 446 2398 sobolom
471 2331 568 2422 qussi
588 2328 706 2397 ludum
725 2351 821 2412 esse,
847 2331 957 2404 iorum
975 2357 1128 2404 arenam.

59 2449 103 2516 Et
120 2445 202 2516 ideo
223 2443 281 2514 ille
299 2445 335 2512 in
352 2444 427 2513 loro
447 2445 594 2536 primum
615 2444 720 2512 verbu
739 2445 909 2530 facturus,
931 2449 999 2516 tiro
1019 2447 1130 2520 dictus

59 2577 123 2630 est.
144 2556 297 2652 Agedum
318 2559 399 2628 istos
421 2553 828 2653 declamatoreslproduc
846 2562 883 2628 in
898 2578 1072 2647 senatum,
1092 2568 1130 2634 in

60 2679 170 2748 iorum
189 2703 198 2746 ι
215 2701 318 2769 quum
339 2676 412 2746 loeo
434 2676 667 2758 mutabuntur,
688 2676 781 2745 velut
801 2676 940 2748 adsueta
957 2679 1077 2765 classi,
1095 2699 1131 2750 et

58 2871 140 2926 mitise
161 2869 245 2945 neptis
275 2867 383 2923 Antonii
407 2867 566 2930 Triumviri,
617 2867 1130 2948 deponam:«Bestininshngnninqnit

58 2949 156 3004 deinde
178 2948 329 3022 Agrippina
345 2947 434 3000 mstris
452 2947 568 3000 Neronis.
617 2945 1129 3020 Fulgentius,dieeresolitnserstsomnis·

58 3027 138 3100 Quod
151 3039 237 3082 entem
256 3027 315 3080 Sen.
335 3026 366 3080 de
383 3023 448 3078 Ben.
466 3025 496 3091 l,
516 3043 570 3098 osp-
619 3024 677 3078 liter
689 3027 775 3098 perspi
788 3027 914 3082 urbicario
925 3028 1085 3104 mimologo,
1099 3045 1129 3086 nt

59 3106 107 3159 nlt.
118 3104 230 3175 Quintil.
238 3105 277 3156 vl
285 3140 293 3168 ‚
301 3121 316 3154 s
325 3115 350 3158 et
360 3103 443 3172 43X,
459 3123 486 3168 ις
501 3103 571 3164 Ptin,
619 3103 734 3174 quemvis
745 3115 851 3174 utreque
863 3105 929 3158 nibil
942 3127 1017 3180 egere
1027 3107 1127 3176 dixerit,

58 3183 125 3237 niu
141 3181 199 3237 Nat.
209 3181 289 3246 XVI,
303 3201 326 3234 e.
344 3179 389 3233 ult.
406 3179 474 3233 Plio.
494 3180 572 3251 Epist.
619 3194 707 3234 trrnen
714 3181 763 3234 hoe.
773 3182 862 3236 Rome
873 3195 989 3256 prestare
999 3184 1067 3240 visus
1077 3197 1129 3253 est,

58 3277 104 3328 vt,
116 3260 152 3326 6,
164 3261 196 3312 de
207 3258 327 3313 Pessieno
342 3257 446 3320 dicunt,
457 3256 489 3310 sd
499 3256 569 3310 bnne
617 3253 685 3328 qnod
694 3279 723 3311 ex
731 3271 799 3332 perte
808 3258 911 3329 quidem
922 3281 994 3315 veros
1002 3261 1127 3329 bonores,

57 3333 568 3394 disuaseruntsuuttsr.eom.
617 3337 1128 3414 sedrisorios,sedeitinslngitivot.Gre-

94 3436 115 3470 ι.
128 3417 275 3486 Nusquam
292 3431 396 3484 surgas.
417 3413 517 3486 Nempe
541 3425 570 3464 ut
617 3416 651 3468 do
664 3416 733 3469 enim
746 3415 816 3487 qnod
829 3416 860 3470 ds
876 3417 1014 3490 Theophili
1026 3433 1129 3475 senten·

58 3493 186 3548 dselmes
198 3511 205 3547 t
216 3492 320 3564 quondo
336 3489 443 3562 quidem
461 3487 500 3541 illi
517 3502 568 3542 tem
616 3492 650 3549 tis
661 3495 757 3567 legent
768 3497 834 3564 μῖμος
847 3495 859 3545 ὅ
870 3495 931 3564 βίος.
940 3516 953 3542 s
966 3495 1002 3550 N.
1013 3497 1112 3552 Faber.

57 3571 126 3627 mle
146 3569 251 3625 eedebst
268 3567 427 3623 deelsmsnti.
449 3565 567 3619 Diximus
649 3571 673 3626 3.
684 3573 771 3626 Aliud
780 3581 820 3625 est
827 3591 959 3643 pugnare,
970 3577 1050 3628 atiud
1061 3595 1129 3630 sess-

58 3649 130 3702 enirn
140 3665 215 3720 supro
226 3685 235 3712 ,
247 3646 367 3700 llhstores
378 3645 491 3698 sedentes
503 3665 567 3718 prae·
615 3653 700 3702 tilnre.
709 3650 750 3702 De
760 3649 799 3702 his
809 3647 959 3723 qustnplnrs
971 3650 1070 3726 Lipsius
1080 3653 1129 3706 Ss-

57 3727 131 3798 loqni
143 3723 244 3779 solitos:
252 3723 436 3778 deolsmsturos
445 3740 505 3776 vero
514 3739 567 3774 snr-
616 3737 683 3779 turn.
692 3743 767 3779 serm.
779 3724 822 3778 tib.
833 3726 872 3794 lt,
885 3745 940 3800 esp.
955 3746 1001 3800 19,
1013 3729 1127 3782 Turnsb.

57 3803 158 3858 misse.
170 3801 206 3855 N·
218 3801 316 3854 Faber.
615 3802 721 3858 Advers.
731 3802 775 3856 lib.
786 3803 879 3870 XXX,
895 3823 948 3878 esp.
961 3806 985 3858 3.
1001 3805 1031 3858 Ρ.
1044 3807 1129 3861 Faber

91 3901 116 3933 s.
143 3879 296 3934 Betttntme
310 3873 311 3876 ¹
324 3880 486 3933 Censorium.
506 3878 568 3931 Ati·
616 3879 735 3934 Ssmestr.
749 3879 792 3933 lib.
807 3881 847 3943 11,
861 3900 915 3954 esp·
929 3902 968 3938 ιι.

59 3959 121 4031 qnid
132 3959 182 4014 tsle
201 3972 237 4012 est
254 3957 320 4032 spnd
339 3957 505 4032 Fulgentinm
524 3957 568 4010 lib.
650 3959 750 4026 &Istos
758 3962 952 4014 declamatores.
960 3961 1126 4018 Unussutem

58 4039 96 4104 ll,
106 4035 219 4110 Mythol.
229 4035 257 4089 in
269 4037 364 4090 Isionis
373 4035 472 4102 tituta,
482 4037 570 4092 sedite
619 4035 697 4090 instar
707 4036 832 4102 omnium,
845 4035 1053 4094 neelamitem
1060 4038 1130 4113 prin·

59 4127 176 4190 eorrnpto
190 4114 249 4168 loeo
257 4114 485 4168 ntDslionstetore
499 4113 570 4168 indi·
620 4133 677 4188 esps
689 4113 787 4178 Latro,
798 4114 890 4183 dequo
902 4113 998 4169 Sensus
1008 4117 1132 4190 prooemio

60 4207 129 4266 gest,
140 4213 221 4266 quem
240 4192 282 4246 bie
296 4211 421 4267 epponem
433 4192 475 4248 vel
488 4193 571 4265 potius
622 4193 666 4246 lib.
680 4194 704 4247 V
718 4191 964 4248 Controversisrnm.
977 4194 1074 4248 Eadem
1086 4215 1135 4270 pst-
