2876 4804
185 435 251 501 DE
276 431 415 502 AUCT.
442 433 499 499 ET
522 433 721 502 DECLAM.
748 437 962 506 RATIONE.
1040 439 1083 535 37

37 552 1085 644 gymnasmatumunurnalterurnControversiarum'historicarum,

37 675 83 722 aut
98 681 255 722 verarum
270 657 471 736 recentium,
486 658 616 722 tertium
634 657 789 733 fictarum.
809 662 933 726 Auctor
952 663 1027 726 libri
1046 664 1087 729 de
1162 682 1164 687 ’

37 768 125 830 (ands
141 780 312 853 corruptae
328 764 549 851 Eloquentiae,
566 766 632 830 sive
651 767 794 849 Tacitus,
816 770 881 833 sive
901 771 1009 857 potius
1030 773 1086 836 Fa·

1 901 2 942 ι
36 873 97 936 hius
107 888 169 952 est,
180 871 335 952 ridetur,
350 871 376 934 si
392 885 510 933 attente
523 871 664 960 legatur,
677 873 931 939 Declamationes
947 877 1087 943 aSuaso-

36 979 81 1042 riis
93 995 124 1043 et
134 977 375 1042 controversiis
387 974 600 1064 distinguere,
617 963 706 1066 quod
718 1001 778 1044 nec
798 1003 816 1045 a
839 999 947 1047 mente
964 985 1087 1066 Quinti-

37 1078 101 1141 limi
113 1080 146 1141 in
162 1079 246 1140 [nst.
260 1077 426 1140 abhorret.
443 1075 651 1142 Philostratus
663 1079 756 1142 etiam
783 1071 838 1150 τὰς
868 1065 1012 1153 διαλέξεις
1037 1077 1087 1142 καὶ

37 1161 323 1260 malaopera
342 1165 480 1262 'separat
495 1168 556 1235 ἀπὸ
578 1179 638 1235 τῶν
664 1175 805 1261 μελετῶν.
844 1177 999 1268 Singulari
1031 1183 1087 1245 ita·

1 1283 2 1306 ¹
38 1303 94 1367 que
101 1281 191 1344 libro
201 1280 369 1344 Suasorias
380 1281 518 1360 Seneca,
531 1282 675 1368 quinque
689 1304 769 1345 vero
782 1281 886 1364 libris,
901 1302 939 1347 ut
951 1287 1043 1368 olinr,
1057 1304 1089 1350 et

39 1411 90 1452 nor
102 1410 195 1451 nunc
209 1386 432 1468 distinximus,
447 1387 685 1452 Controversias
695 1389 883 1475 complexus
899 1408 953 1456 est.
973 1394 1022 1456 Ex
1038 1394 1088 1457 his

40 1486 581 1576 Excerptaquaedam,etcentonum
595 1489 883 1569 ritu,consarcinati
908 1485 937 1548 ἐν
962 1487 1088 1580 ἐπιτομῇ

40 1593 102 1658 libri
117 1592 244 1660 decem.
268 1593 422 1676 Quorum
437 1593 597 1680 quinque,
620 1595 733 1659 tertius
752 1595 919 1680 nimirum,
938 1611 1087 1683 quartus,

40 1700 179 1786 quinum,
193 1713 324 1779 sextus,
346 1714 379 1762 et
392 1714 525 1762 octavus
535 1721 662 1779 earum,
680 1723 751 1788 quae
763 1699 996 1764 interciderunt
1007 1701 1088 1764 Con:

41 1805 278 1881 troversiarum,
301 1804 555 1870 Declamationes
571 1820 655 1869 sunt
681 1805 808 1893 Reliqui
827 1828 905 1870 vero
927 1807 1087 1894 quinque,

44 1933 143 1976 earum
157 1933 233 1998 quae
244 1925 371 1974 extant:
384 1933 480 1998 quam
489 1933 548 1978 nos
558 1911 832 1975 Declamationunr
842 1913 1012 2000 Epitomen
1023 1935 1082 1977 seu
1179 1925 1181 1936 '

44 2016 193 2105 Excerpta
206 2015 420 2080 nominamus.
429 2016 565 2106 Propius
579 2032 687 2080 autem
699 2016 818 2080 factum
829 2018 979 2100 estnihil,
990 2042 1087 2106 quam

45 2135 75 2186 ut
87 2121 423 2194 deGraedsThomam
433 2119 621 2210 Magistrum
632 2123 779 2202 imitatus,
794 2122 892 2185 titulis
901 2123 984 2186 inter
995 2146 1028 2186 se
1047 2123 1090 2187 di-

44 2249 140 2292 versas
158 2228 405 2294 Controversias.
415 2229 554 2308 citarirn,
571 2251 638 2290 non
655 2249 795 2291 numero
810 2243 865 2291 aut
882 2227 969 2292 libris
985 2229 1090 2292 distin-

45 2366 156 2431 guens,
189 2359 229 2408 ut
252 2343 376 2408 Graecas
399 2343 451 2408 ille
482 2345 603 2408 libanii
635 2344 887 2410 Declamationes
914 2341 1089 2433 ἐπιγραφαῖς

45 2452 75 2514 in
85 2475 143 2516 suo
154 2453 338 2516 Atticorum
350 2451 518 2515 nominum
529 2452 646 2516 Lexico
658 2454 691 2515 in
701 2453 921 2517 testimonium
931 2469 1090 2540 perpetuo

46 2556 181 2622 advocat
216 2557 255 2622 ln
279 2556 442 2622 suasorias
463 2573 571 2621 autern
596 2581 635 2622 eo
655 2559 833 2648 longiores,
862 2573 974 2621 contra
996 2575 1091 2644 atque

46 2665 241 2752 propositum
254 2663 349 2744 mihi,
364 2664 596 2726 Annotationcs
606 2679 789 2744 evaserunt,
802 2685 869 2750 quo
879 2666 979 2748 major
992 2683 1030 2724 ex
1041 2664 1090 2726 his

47 2770 156 2833 utilitas
167 2757 326 2858 emerget,
339 2768 377 2832 iis
387 2769 576 2856 praescrtim,
587 2762 685 2856 quise
696 2768 737 2833 ad
747 2769 792 2833 M.
802 2768 896 2832 Tullii
905 2767 1090 2848 lectionem,

47 2879 200 2966 precipue
222 2875 337 2940 divinae
355 2875 458 2955 illius,
477 2892 514 2939 ut
536 2875 696 2964 satyricus
710 2892 818 2956 vocat,
839 2875 1022 2963 Philippicae
1038 2897 1092 2938 vo-

49 2981 137 3046 luerit
148 2981 252 3070 (velle
262 2995 371 3045 autem
382 3003 495 3044 omnes
508 2979 644 3068 debent)
660 2981 809 3045 conferre
823 3003 830 3044 :
847 2981 970 3044 tametsi
982 2981 1092 3069 Vopis

50 3111 103 3151 cus
121 3089 152 3151 in
167 3087 368 3152 Numeriano
383 3077 654 3151 Declamationcnr
667 3087 816 3151 Tulliano
833 3088 916 3174 stylo
938 3105 1090 3175 opponat.

51 3193 109 3258 llas
126 3215 204 3257 vero
223 3192 456 3256 Controversiis
482 3194 591 3256 censui
619 3192 872 3282 anteponendas,
894 3194 1037 3279 quamvis
1061 3199 1093 3257 s‘e

53 3314 123 3385 post
135 3299 293 3387 scripsisse
302 3297 424 3362 Seneca
434 3297 602 3387 significet,
620 3298 728 3386 quod,
745 3313 781 3361 ut
795 3297 967 3378 faciliores,
988 3301 1095 3386 pueris

53 3405 186 3490 primunr
198 3417 479 3492 proponerentur,
490 3420 528 3467 ut
541 3402 680 3468 nitidem
692 3405 828 3491 scriptor
841 3400 882 3465 de
897 3403 1006 3468 Causis
1021 3427 1091 3469 cor-

53 3519 146 3592 ruptae
161 3504 370 3592 Eloquentiae.
382 3505 567 3588 Aristoteles
578 3520 685 3568 tamen
695 3506 749 3569 lib.
763 3504 811 3567 ΙΙΙ
825 3505 919 3568 Rhet.
940 3496 975 3562 τὸ
992 3487 1093 3588 δημη-

1 3649 2 3654 ’
52 3624 140 3706 poprie
151 3623 224 3688 facit
234 3620 395 3686 difficilius
405 3623 457 3679 τοῦ
472 3605 653 3691 δικαῖεσθαι.
845 3669 847 3673 .

93 3729 245 3794 Ceterum
262 3729 297 3791 in
308 3727 360 3792 his
379 3724 668 3790 Declarnationibus
680 3741 830 3813 tanquam
848 3747 962 3814 pugnae
974 3723 1092 3787 simula·

58 3834 125 3915 cris,
144 3835 315 3900 adrerum
336 3831 520 3911 discrimen,
536 3835 687 3917 juventus
703 3832 779 3894 olinr
796 3831 963 3920 diligenter
976 3828 1096 3916 ingenti

59 3940 264 4006 auctomento
285 3936 515 4016 exercebatur,
531 3951 568 4000 ut
587 3959 626 3999 ex
645 3936 802 4000 umbratili
818 3935 923 4000 studio
942 3938 973 3998 in
991 3935 1097 3997 lucem

59 4044 205 4136 solemque
210 4043 371 4137 prodiret,
383 4055 414 4106 et
426 4065 442 4104 a
453 4039 532 4105 lictis
541 4041 580 4106 ad
589 4043 683 4107 serias
693 4066 801 4107 causas
809 4043 943 4129 litesque
956 4031 1097 4103 forenses

60 4147 210 4240 aliqnando
234 4151 396 4217 transiret.
427 4149 508 4213 luris
527 4150 623 4237 igitur
640 4150 810 4229 consultis,
832 4149 880 4212 vel
904 4147 1103 4210 Alciatotes-

651 4445 660 4476 1
