2878 4816
288 451 352 544 176
611 448 659 512 ru.
686 445 833 514 suum
858 445 1039 514 ssusce

282 603 382 650 sanus
405 577 569 658 imitatur,
590 573 670 642 dum
691 575 898 642 lenocinium
918 574 1050 666 ingenii
1071 575 1223 649 furorem
1247 594 1380 670 putat,

282 693 375 789 quod
391 690 590 774 simulabat,
616 690 665 786 sd
685 711 806 760 verum
823 690 959 781 redegit
973 695 1000 757 ¹.
1018 693 1084 760 Hic
1102 694 1382 762 controversiam

280 826 418 906 postero
433 808 490 876 die
505 805 608 901 quam
627 822 698 874 erat
716 831 737 874 a
755 805 908 874 Fabiano
926 803 1037 889 dicta,
1063 806 1283 877 declamavit.
1305 809 1384 884 so-

283 927 376 997 lebat
393 941 506 994 autem
525 924 574 992 sic
591 922 636 990 ad
649 923 747 1015 jocos
765 923 970 1015 pervenire,
988 938 1028 990 ut
1040 927 1216 991 emorem²
1232 922 1384 992 descri-

287 1045 385 1113 beret
393 1091 406 1128 ,
422 1064 517 1135 paene
533 1040 701 1110 cantantis
715 1036 829 1121 modo,
846 1053 885 1106 ut
898 1037 1049 1121 diceret,
1067 1041 1229 1108 Amorem
1242 1038 1395 1108 descri-'

285 1163 369 1232 bere
383 1158 460 1228 volo
470 1184 479 1226 t
490 1173 671 1249 tanquam,
685 1153 849 1224 Bacchsri
861 1154 939 1222 volo
949 1148 975 1220 ³.
989 1154 1123 1224 Deinde
1135 1155 1375 1236 describebat,

287 1295 322 1347 et
339 1275 464 1346 totiens
478 1288 650 1366 coepturus
668 1270 845 1364 repetebat
861 1270 1044 1338 :Amorem
1066 1271 1263 1340 describere
1279 1273 1381 1354 solo,

287 1396 327 1462 In
345 1394 411 1460 huc
429 1387 660 1458 controversia
680 1388 782 1480 plene
804 1385 899 1477 quod
922 1385 1050 1468 voluit,
1076 1403 1279 1456 consecutus
1297 1405 1379 1470 est,

287 1524 327 1578 ut
341 1507 476 1575 divitias
492 1503 592 1572 nobis
607 1503 767 1571 inedium
778 1501 978 1570 adduceret.
993 1504 1090 1596 Saepe
1104 1503 1196 1572 e'nim
1207 1507 1378 1597 ingessit:

288 1625 435 1698 Divitias
446 1620 643 1690 describere
655 1620 733 1688 volo
749 1647 757 1686 ι
774 1636 808 1686 et
821 1619 927 1688 multa
941 1619 1086 1688 fecunde
1097 1614 1280 1714 explicuit,
1296 1645 1382 1691 cur-

289 1743 423 1836 ruptius
434 1762 535 1832 quam
547 1733 733 1815 Fabianus,
751 1733 809 1802 sed
825 1735 980 1822 dulcius3
996 1734 1064 1805 boc
1081 1759 1188 1806 unum
1205 1738 1378 1824 occurrit,

291 1860 327 1926 in
347 1880 414 1948 quo
434 1852 596 1946 pusillum
615 1853 704 1919 inest
721 1852 863 1922 insaniae
878 1879 886 1920 :
903 1855 981 1921 Non
998 1877 1052 1922 me
1074 1851 1246 1923 delectant
1262 1855 1381 1948 ignoti

291 1972 429 2042 domino
454 1992 630 2038 servorum
654 1990 796 2060 greges,
824 1991 890 2036 nec
908 1970 1064 2052 sonantia
1079 1970 1144 2040 laxi
1162 1969 1254 2038 ruris
1270 1993 1379 2063 ergn-

271 2088 380 2158 .stula
391 2080 425 2176 ⁴3
443 2102 575 2179 patrem
594 2085 699 2178 gmtis
713 2106 802 2150 amo.

341 2209 464 2275 Fuscus
478 2206 642 2273 Asnsnrus
659 2217 693 2270 et
713 2200 808 2268 bunc
823 2199 972 2268 colorem
988 2199 1074 2269 dixit
1089 2227 1098 2267 :
1113 2201 1296 2271 Ominibus
1320 2202 1384 2270 oi-

296 2320 433 2408 fendor·,
447 2343 552 2411 quum
561 2320 709 2411 primum
721 2305 764 2384 de
774 2313 957 2408 adoptione
966 2316 1029 2383 ista
1043 2317 1240 2409 cogitarem,
1253 2339 1382 2386 occur-

295 2454 416 2510 rerunt
425 2437 508 2506 mibi
517 2453 587 2505 tres
596 2435 746 2504 abdicati
764 2462 772 2501 :
787 2450 822 2504 et
836 2431 939 2501 audio
953 2435 989 2501 in
1004 2434 1067 2500 ista
1078 2432 1177 2502 domo
1190 2449 1260 2502 tres
1273 2433 1383 2504 fuisse

294 2559 394 2628 filios.
418 2558 563 2626 Necesse
588 2569 638 2648 est
663 2555 800 2622 timeam
826 2549 997 2618 infelicem
1021 2550 1139 2618 liberis
1160 2548 1318 2640 domum,
1345 2571 1384 2620 et

293 2675 377 2744 alias
397 2695 514 2742 causas
531 2669 636 2756 dixit,
654 2669 735 2737 licet
749 2669 840 2735 enim
856 2667 954 2760 plura
965 2664 1122 2736 abdicato
1139 2665 1278 2752 dicere,
1299 2691 1384 2760 pro-

297 2807 373 2885 pter
389 2813 466 2880 quse
489 2811 558 2854 non
576 2786 709 2877 litiget,
731 2783 792 2852 scd
810 2807 902 2852 nunc
924 2783 1056 2866 refero,
1085 2785 1140 2853 cui
1159 2785 1209 2852 rei
1229 2785 1383 2877 quisque

296 2909 440 2977 maxime
455 2904 634 2972 institerit.
688 2932 691 2937 ·

299 3127 375 3191 dum,
386 3145 442 3196 quse
454 3123 540 3177 animo
551 3135 620 3196 grata
632 3135 699 3176 sunt.
713 3121 812 3176 Schult.
862 3103 1046 3174 discurreret.»
1061 3122 1113 3176 Ubi
1127 3123 1231 3176 Cosarr.
1242 3135 1268 3176 et
1276 3124 1381 3178 Veneta

336 3224 355 3254 r.
370 3205 418 3255 Ad
427 3221 517 3256 verum
531 3204 633 3274 redegit.
652 3199 683 3252 ld
699 3213 750 3266 est,
762 3220 813 3251 vc-
858 3205 944 3262 iocos,·
957 3200 1071 3268 pessime.
1083 3202 1158 3271 Quod
1176 3222 1213 3254 res
1227 3199 1264 3254 ibi
1277 3201 1380 3255 fatetur.

300 3302 357 3334 rum
371 3281 437 3334 lecit.
446 3279 547 3332 Schult.
861 3277 960 3330 Sebatt.

334 3379 357 3410 a.
367 3357 474 3410 Solebat
484 3368 572 3408 eutem
584 3357 619 3406 sic
628 3357 739 3420 odiosus
747 3375 812 3423 per·
895 3353 917 3408 3.
932 3355 1082 3426 Tanquam,
1095 3355 1228 3411 Bacchae·
1235 3361 1304 3412 velo.
1317 3361 1379 3434 Ap-

298 3438 554 3495 cem're,utamorem.
564 3431 655 3484 Misere
663 3435 689 3484 in
697 3433 761 3485 lecto
770 3431 811 3484 hic
861 3431 941 3503 posite
952 3433 1053 3499 alludit,
1066 3433 1125 3503 quia
1137 3435 1167 3484 de
1179 3435 1295 3488 Rhetoris
1306 3435 1381 3490 istius

298 3516 373 3570 cubat
382 3516 467 3568 locus:
480 3514 521 3576 cui
531 3515 564 3566 ita
574 3513 677 3566 medeor
688 3512 812 3566 :Solebat
861 3511 960 3564 insania
979 3523 1003 3562 et
1017 3513 1119 3577 surore,
1132 3512 1177 3583 qui
1189 3514 1379 3568 bacchantium

299 3607 387 3648 autem
404 3593 444 3645 hic
456 3595 495 3644 nd
505 3597 572 3645 locos
583 3595 726 3660 pervenire,
742 3594 813 3644 uelrrt
861 3589 1014 3661 precipuus,
1026 3591 1180 3668 predixerat.
1191 3593 1259 3645 lllnd
1269 3605 1381 3665 prseter-

300 3685 330 3726 ιιι
348 3691 465 3724 amorem
478 3671 638 3730 describeret,
654 3689 729 3740 paene
744 3687 812 3721 can·
860 3670 973 3721 eundum
988 3691 1040 3722 non
1053 3683 1128 3742 puto,
1151 3671 1297 3746 longinum
1311 3673 1380 3740 lieu-

266 3821 269 3829 *
298 3755 380 3805 tantis
398 3752 483 3802 mdo.
504 3747 585 3801 Iaces
605 3748 811 3819 intellige‚quos
860 3747 939 3818 χιῦειν
961 3749 1092 3822 posuisse,
1113 3751 1145 3803 do
1168 3750 1221 3816 iis,
1245 3751 1291 3822 qui
1314 3771 1377 3806 rere

299 3848 420 3884 voremus
447 3845 618 3890 communes,
648 3825 753 3880 Suasor.
775 3828 811 3878 1:
862 3827 954 3899 grandi
972 3840 997 3880 et
1011 3827 1115 3882 sublimi
1131 3828 1234 3882 dicendi
1247 3843 1380 3884 uterentur
1412 3825 1416 3830 ’

300 3909 398 3964 «Dixit
417 3907 509 3960 deinde
532 3904 617 3958 lotum
640 3905 671 3957 de
694 3905 811 3959 varietate
863 3927 970 3980 genere,
990 3907 1021 3960 de
1040 3907 1134 3977 quibus
1153 3920 1178 3959 et
1195 3910 1317 3964 tstsusas
1336 3929 1380 3962 eos

299 3991 416 4044 sortnnae.
425 4009 438 4032 s
452 3985 484 4036 Et
495 3983 632 4056 saepissime
644 3983 671 4036 in
684 3983 723 4035 his
738 3983 811 4046 alibi;
862 4007 937 4040 ausus
951 3998 988 4040 est
1001 3987 1092 4040 dicere.
1104 3988 1204 4044 Sedete.

299 4061 811 4120 biclorisuntdearnoreetdesliritiis.
895 4065 918 4127 l.
940 4065 1019 4118 Lami
1041 4068 1111 4117 ruris
1139 4069 1282 4134 ergastule.
1304 4065 1380 4120 Servi

304 4145 425 4196 Controv.
439 4161 462 4194 ιι
475 4183 483 4208 ,
496 4141 527 4193 de
539 4139 634 4191 Ouidio
644 4139 812 4192 declamante:
863 4141 929 4192 enirn
946 4140 1070 4206 vinculis,
1090 4142 1166 4196 etiam
1184 4143 1254 4210 rori,
1271 4163 1379 4219 cumpe-

302 4243 316 4268 «
327 4222 403 4289 Quod
422 4221 475 4272 sine
496 4231 564 4272 certo
582 4218 670 4270 ordine
689 4237 733 4291 prr
745 4217 813 4270 loros
863 4220 909 4272 diti
923 4241 986 4288 opus
1005 4222 1086 4272 facere
1101 4219 1315 4293 cogebanturtut
1333 4223 1377 4276 di-
