2874 4796
254 463 689 532 CONTROVERSIARUM
712 468 793 533 LlB.
820 468 862 551 V,
889 467 942 533 33.
1068 465 1132 551 443

55 593 166 688 possit
189 591 396 682 respublica.
424 594 501 659 Non
522 609 655 685 potest,
681 593 805 686 inquit.
822 593 874 662 An
890 591 963 660 laedi
978 595 1083 686 possit
1097 595 1133 660 in

55 711 175 803 alique
202 710 254 778 sui
277 724 374 802 purte
399 708 498 776 :hmo
524 709 618 776 nulle
638 710 773 803 reipub.
800 733 880 803 pars
903 723 975 795 est3
1004 734 1072 778 non
1098 712 1133 777 in

57 851 165 897 censu
188 825 265 894 illos
284 825 459 908 invenies,
479 847 549 892 non
568 825 603 892 in
618 825 859 892 testamentis¹.
877 823 947 893 Sed
960 824 1034 893 haec
1047 849 1134 918 quo-

39 953 127 1036 'que
148 942 295 1011 inillam
313 943 480 1022 incurrit,
503 943 555 1009 An
582 964 672 1034 resp.
699 941 773 1010 laeen
793 943 858 1026 sit3
875 940 1130 1012 diciturenim:

56 1065 110 1130 Ne
125 1059 203 1128 laedi
216 1058 354 1150 quidem
369 1059 483 1150 potuit
494 1060 531 1125 in
545 1060 608 1142 eie,
623 1081 706 1150 quoe
720 1083 789 1127 non
802 1059 959 1127 habebat.
1008 1085 1070 1116 w

108 1173 275 1243 COLOR.
294 1173 361 1241 Pro
377 1173 451 1260 illo,
467 1175 526 1264 qui
542 1171 697 1244 debilitet
710 1176 890 1268 expositos,
907 1175 1008 1268 pauci
1021 1170 1135 1240 admo·

58 1290 145 1360 dum
161 1290 334 1359 dixerunt.

110 1407 207 1478 Dixit
222 1408 375 1488 Gseoro,
397 1419 432 1472 et
446 1381 516 1473 hoo
528 1403 643 1474 colore
661 1427 741 1474 usus
755 1421 806 1472 est
822 1431 831 1472 ε
847 1407 1011 1497 Egeotem
1026 1405 1136 1472 homi-

59 1549 162 1606 nem,
190 1537 224 1590 et
250 1523 310 1613 qui
335 1546 379 1589 oe
402 1519 599 1614 sequidem
620 1519 730 1605 olere,
749 1521 875 1617 nedum
896 1520 982 1589 alios
996 1537 1133 1613 posset,

59 1639 240 1709 sustulisse
262 1659 339 1721 eos,
359 1639 418 1730 qui
434 1638 505 1730 jam
526 1635 635 1705 relicti
653 1638 726 1704 eine
745 1660 805 1729 spe
823 1639 879 1705 vix
897 1636 1053 1729 spiritum
1067 1652 1136 1703 tm·
1184 1621 1186 1626 ¹

59 1756 188 1824 herent
205 1781 214 1821 2
231 1753 354 1847 quibus
369 1777 437 1822 non
459 1753 587 1848 injuria
600 1754 718 1835 lieret,
745 1754 773 1820 si
796 1749 927 1845 aliquid
941 1751 1137 1822 detrahere-

59 1889 118 1939 tur
136 1899 145 1940 ε
162 1870 224 1940 eed
246 1867 416 1940 beneficio
440 1869 599 1955 eederet,
624 1871 652 1938 si
676 1872 746 1939 vite
767 1888 972 1940 servaretur.
995 1873 1137 1940 Faciant

62 1986 253 2069 invidiam,
270 1983 371 2053 alicui
385 1986 499 2054 oeulos
510 1986 640 2068 deesse,
656 1985 758 2056 alicui
774 2011 909 2072 manum
919 1987 1043 2054 *dicant
1061 1988 1137 2056 illos

61 2127 127 2197 per
146 2101 241 2172 hunc
262 2119 327 2169 tam
348 2103 622 2185 miserentem,
643 2102 724 2172 dum
756 2105 924 2174 fateantur
953 2127 1016 2198 per
1044 2105 1137 2173 hunc

1 2297 2 2310 χ
60 2220 195 2286 vivere.

110 2334 243 2400 Gsmo
263 2330 347 2399 illud
370 2355 507 2424 quoque
526 2332 562 2400 in
584 2336 793 2426 argumentis
816 2335 959 2404 tentarit
982 2360 990 2401 ε
1015 2332 1135 2418 Adeo,

62 2445 197 2536 inquit,
217 2442 288 2513 hmo
306 2467 361 2513 ree
378 2469 448 2513 non
462 2447 577 2514 nocuit
586 2447 726 2546 reipub.
742 2462 782 2514 ut
793 2447 898 2540 possit
912 2441 1023 2515 videri
1036 2449 1137 2515 etiam

61 2559 245 2654 profuisse.
266 2563 447 2629 Pauciores
463 2579 584 2648 erunt,
606 2567 664 2655 qui
684 2581 853 2657 exponent
869 2565 970 2632 filios.

110 2678 284 2746 Totumne
300 2679 442 2748 Cuonme
464 2677 532 2746 hoo
554 2680 667 2748 eolore
689 2703 769 2748 usus
786 2697 836 2748 eet
855 2708 864 2748 :
880 2680 1006 2750 Multos
1023 2695 1138 2775 patres

62 2815 235 2886 exponere
253 2791 368 2862 solitos
385 2793 522 2862 inutiles
538 2811 670 2888 partus.
688 2798 893 2880 Nascuntur,
910 2796 1040 2886 iuquit,
1058 2798 1137 2888 qui·

61 2909 141 2977 dum
160 2909 271 2976 stetim
289 2909 402 3000 aliqua
420 2926 516 3002 porte
534 2913 687 3004 corporis
707 2912 872 2996 mutilati,
889 2911 1037 2996 infirmi,
1054 2927 1088 2978 et
1101 2913 1137 2978 in

62 3027 192 3097 nullam
206 3049 298 3121 spem
314 3026 428 3094 idonei
442 3052 449 3092 :
462 3050 546 3119 quos
558 3044 716 3121 parentes
730 3029 782 3097 sui
796 3029 998 3121 projiciunt²
1015 3028 1135 3118 magis,

99 3183 577 3240 1.Nmneemuttostmem·es,mn
626 3181 798 3236 hereditatem
820 3182 925 3258 adibant
945 3201 951 3235 :
970 3182 1040 3253 quod
1062 3194 1138 3236 testa·

63 3265 91 3314 in
103 3264 275 3314 testamentis.
284 3259 324 3313 De
331 3279 407 3312 censu
417 3259 495 3312 multa
504 3261 578 3312 Anti·
626 3258 706 3310 menti
717 3259 791 3312 factio
802 3259 1040 3314 eivitatisllomenre
1050 3261 1138 3334 jussit.

63 3337 165 3410 qnarii,
177 3356 235 3406 quse
245 3357 298 3390 nou
310 3337 430 3391 exseribo.
441 3339 509 3391 illud
520 3352 577 3392 tan-
626 3338 760 3409 legendus
776 3337 938 3392 Brissounius
957 3337 1093 3408 Antiqufil.
1110 3339 1136 3403 l,

61 3429 116 3470 tum
126 3414 221 3468 adelam
230 3435 275 3479 ‚ex
284 3415 405 3480 Asconio,
414 3427 508 3470 sextam
516 3417 579 3470 elar-
628 3435 648 3470 e.
658 3416 682 3468 li.
694 3415 793 3469 Scitote.

62 3513 116 3546 sem
137 3492 334 3546 Proletariorum
352 3507 377 3548 et
393 3495 473 3569 eapite
488 3515 577 3549 censo·
661 3513 684 3544 2·
697 3493 840 3558 Proficiunt
850 3495 947 3560 magis,
960 3511 1137 3560 quamexpo-

62 3593 119 3626 rum
131 3571 226 3636 tuine,
240 3571 272 3624 tle
287 3572 379 3641 quibus
396 3572 511 3642 Agellius
531 3572 577 3626 lib.
625 3569 841 3622 nuntnininrtio
852 3583 994 3635 respectat,
1005 3571 1072 3640 quod
1084 3590 1136 3622 noo

64 3649 144 3713 xvt,
153 3669 175 3702 c.
194 3668 233 3710 ιο,
247 3669 375 3719 quumque
387 3651 578 3704 Jorisconsulrie
624 3668 722 3721 temper
733 3647 862 3702 volontate
876 3662 899 3702 et
911 3663 1059 3722 contemptu
1072 3670 1137 3702 san-

64 3726 249 3799 prolessionum
273 3727 329 3782 alim
348 3723 500 3793 censuales,
521 3729 578 3782 alise
626 3727 710 3799 guinis
724 3747 753 3778 ae
766 3726 859 3778 subolis
874 3729 1053 3798 expositionem
1066 3729 1157 3802 lece-⁸

63 3804 167 3857 Natales
188 3804 360 3877 appellentur,
383 3805 433 3860 illis
450 3809 577 3878 patrimo-
627 3819 686 3858 runt
702 3817 824 3878 parentes.
845 3805 1006 3877 Quandoque
1027 3807 1137 3858 enimet

64 3883 138 3935 nium
153 3882 274 3953 quisque,
289 3882 328 3936 hie
341 3899 457 3952 parentes
469 3883 576 3948 lilteros,
627 3884 773 3936 necestitate
787 3895 811 3936 et
822 3895 891 3936 metu
904 3883 1066 3955 periculoque
1077 3880 1138 3932 sub-

65 3956 135 4010 ‹lomi
152 3971 226 4012 natos
239 3959 304 4030 apud
322 3969 378 4014 aeta
389 3961 578 4034 profitebantur.
628 3963 677 4014 aeti
689 3962 829 4018 istiusmodi
844 3964 977 4016 consilium
990 3981 1077 4034 rapere
1090 3961 1138 4011 ‹le-

69 4037 191 4104 Qnirero
200 4038 304 4106 expositi
312 4053 579 4112 utmmqneparentem
628 4041 744 4095 buerunt.
757 4041 805 4095 Vel
820 4043 873 4094 sola
892 4041 970 4094 Mosis
988 4039 1092 4092 historia
1111 4037 1137 4088 itl

68 4112 221 4184 ignorabant
232 4136 239 4169 ;
250 4117 335 4186 ltaque
347 4117 453 4170 nomina
464 4117 492 4170 in
506 4116 579 4172 Geo-
629 4119 744 4170 revincit.
755 4119 889 4170 Diversum
899 4129 984 4180 tamen
995 4116 1102 4168 maxime
1113 4115 1139 4168 id
1201 4118 1203 4128 ¹

65 4193 141 4244 serias
159 4193 257 4246 tabulas
269 4214 321 4246 non
338 4194 520 4261 referebantur,
535 4215 580 4248 nec
630 4194 1140 4264 frequens3untleQuintil.Deelaro.37a.

67 4268 93 4320 in
111 4289 216 4324 tensum
237 4270 429 4342 recipiebantur.
446 4273 516 4344 Ergo
535 4294 580 4325 ner
631 4273 756 4335 Profitere
779 4271 918 4345 generatim
941 4293 986 4342 pro
1009 4291 1139 4340 exponere.
