2874 4808
292 489 356 579 ³78
614 491 663 558 u.
689 488 835 556 suum
859 489 1041 558 sauses
1103 549 1107 552 ,

288 619 502 692 Lautumiss'
525 618 767 686 transferretur
784 644 793 686 t
808 621 885 688 Non
898 633 967 703 est,
985 619 1116 710 inquit,
1134 615 1360 710 quodquem-

289 752 389 821 quam
404 745 551 798 vestrum
567 728 716 824 decipiat
730 754 853 800 nomen
866 733 976 826 ipsum
992 757 1000 798 ι
1015 732 1201 800 Lautumias
1213 731 1281 800 illas
1294 733 1357 800 mi-

288 847 381 916 nime
399 847 490 916 lauta
506 871 561 916 res
578 863 640 916 est.
663 851 737 918 Hoc
753 849 873 933 retuli,
892 864 931 916 ut
950 865 984 916 et
1001 850 1113 942 ipsum
1129 848 1302 918 hominem
1318 873 1355 916 ex

285 961 399 1055 aliqua
412 980 509 1056 perte
528 964 692 1034 nossetis:
710 979 744 1035 et
762 963 849 1034 illud
863 965 1014 1048 sciretis,
1037 989 1138 1056 quam
1153 965 1296 1034 difficile
1315 965 1356 1032 sit

288 1095 441 1150 naturam
455 1103 549 1148 snam
562 1079 725 1172 effugere.
741 1078 922 1172 Quomodo
933 1096 1047 1174 posset
1057 1079 1101 1149 ab
1115 1081 1173 1149 illo
1187 1079 1353 1161 obtineri,

287 1218 332 1263 ne
354 1197 391 1264 in
409 1191 711 1265 declamationibus
724 1197 911 1289 jocaretur,
933 1197 993 1288 qui
1007 1195 1186 1288 jocabatur
1200 1195 1237 1264 in
1253 1197 1359 1263 mise-

288 1312 349 1380 riis
363 1337 404 1381 ac
420 1312 582 1407 periculis
596 1317 665 1382 suis
684 1340 692 1380 ι
707 1315 743 1381 in
758 1313 882 1405 quibus
890 1312 1000 1405 jocari
1013 1336 1090 1382 eum
1103 1336 1172 1382 non
1184 1311 1355 1394 debuisse,

287 1430 364 1520 quis
379 1433 512 1500 nescit?
527 1432 698 1523 potuisse,
720 1431 798 1524 quis
815 1429 951 1500 credit?

334 1549 550 1616 Munnnanrus
564 1572 633 1616 non
647 1545 868 1638 degenerarit
882 1549 917 1615 in
931 1548 997 1616 bac
1013 1548 1263 1634 controversia3
1282 1572 1362 1618 nam

287 1661 434 1731 colorem
449 1664 681 1732 stultissimum
697 1661 842 1732 induxit.
860 1662 998 1746 Voluit,
1017 1665 1147 1755 inquit,
1169 1678 1203 1732 et
1219 1664 1279 1732 bic
1290 1663 1357 1732 fra*

288 1781 349 1846 tris
374 1781 471 1870 sequi
497 1779 707 1872 exemytlum3
734 1778 814 1847 dum
836 1781 992 1862 retineo,
1018 1779 1098 1849 dum
1125 1779 1249 1862 luctor,
1271 1783 1360 1848 visus

287 1911 338 1964 cst
354 1911 484 1990 patrem
504 1897 679 1966 cecidisse.

336 2015 447 2082 Unum
467 2037 507 2080 ex
526 2014 579 2081 his
596 2039 681 2107 quos
697 2014 812 2082 audiri
827 2013 1066 2096 declamantes,
1083 2015 1154 2084 scio
1167 2017 1361 2083 Marnom

285 2152 383 2198 usum
402 2154 472 2196 non
488 2148 629 2224 patrono
649 2147 764 2224 patre,
786 2128 847 2198 sed
868 2128 1045 2200 advocato.
1068 2131 1182 2224 Ipsum
1202 2133 1361 2222 tyranni·

288 2245 398 2314 eidam
416 2246 548 2314 induxit
565 2245 751 2330 dicentem,
774 2263 809 2315 et
825 2246 941 2315 colore
955 2269 1035 2314 usus
1050 2261 1101 2315 est
1118 2273 1126 2312 :
1143 2249 1218 2315 Non
1228 2271 1364 2338 jussum

288 2389 324 2432 sc
337 2389 357 2431 a
371 2381 486 2459 patre,
509 2365 589 2457 quia
612 2364 724 2434 aiebat
744 2363 948 2433 incredibile
973 2364 1130 2432 omnibus
1147 2364 1279 2451 videri,
1298 2389 1364 2458 pa«

289 2498 374 2551 trem
393 2507 506 2550 coram
525 2497 669 2575 tyranno
688 2480 772 2550 caedi
796 2506 832 2548 se
851 2481 1013 2573 jussisse¹
1033 2507 1040 2546 :
1060 2479 1120 2548 sed
1143 2481 1267 2549 initum
1290 2504 1363 2549 esse

286 2597 510 2690 tyrannicidae
529 2597 726 2672 eonsilium,
744 2613 782 2664 ut
805 2620 867 2688 per
888 2596 955 2664 boc
974 2595 1019 2664 ad
1039 2597 1220 2666 amicitiam
1238 2621 1363 2690 perve-

288 2712 398 2798 niret,
419 2737 484 2806 per
495 2714 677 2782 amicitiam
692 2711 734 2780 ad
750 2710 1030 2804 tyrannicidium.
1047 2713 1128 2779 Haec
1139 2712 1214 2804 ejus
1226 2729 1365 2781 senten-

288 2829 335 2894 tia
355 2827 488 2897 laudata
502 2844 570 2915 est,
587 2854 690 2921 quum
705 2826 915 2896 describeret
927 2851 963 2895 se
976 2828 1065 2921 patri
1084 2853 1201 2898 manua
1217 2829 1366 2898 afferen-

286 2960 354 3012 tem
369 2945 479 3013 :Nihil
495 2947 532 3012 in
546 2960 616 3012 toto
629 2944 857 3036 tyrannicidio
869 2943 1045 3012 difficilius
1059 2943 1137 3012 leci.
1152 2942 1242 3012 Illud
1257 2943 1363 3014 dixit:

287 3064 358 3128 Jam
377 3078 445 3129 tum
465 3063 587 3130 factum
604 3077 693 3130 esset
705 3057 987 3154 tyrannicidium,
1002 3061 1029 3128 si
1042 3083 1096 3128 me
1109 3060 1213 3129 frater
1223 3085 1295 3130 non
1309 3085 1366 3130 re·

287 3175 455 3267 liquisset.
473 3179 515 3244 Et
534 3176 619 3244 illud
643 3176 728 3243 dixit
745 3178 836 3244 :Vos
856 3196 921 3268 ego
940 3190 1022 3242 tunc
1042 3176 1192 3267 respexi,
1214 3175 1363 3269 templa,

287 3289 397 3384 leges,
419 3292 631 3385 respublica3
658 3293 781 3361 namsi
800 3314 852 3358 me
871 3304 999 3358 tantum
1018 3306 1238 3382 spectassem,
1262 3292 1366 3361 facile

288 3424 469 3500 tyrannum
485 3408 695 3502 effugissem,
712 3407 787 3489 illa,
804 3429 871 3497 qua
885 3405 990 3473 frater
1005 3405 1184 3499 effugerat.

321 3614 342 3646 x.
355 3593 656 3664 Lautumias.Quarnris
670 3591 798 3646 Larumna
881 3611 904 3644 2.
929 3591 1005 3644 Coedt'
1020 3611 1048 3644 se
1063 3596 1180 3658 iussisse.
1201 3593 1264 3664 Quo
1281 3597 1368 3672 magis

285 3671 394 3740 dicatur,
417 3673 577 3725 Lautumias
597 3687 682 3725 tamen
702 3685 798 3724 veteres
847 3668 921 3722 etiam
941 3669 1109 3723 concitaturus
1130 3683 1183 3725 erat
1201 3673 1304 3745 tyranni
1318 3691 1365 3725 rs-

286 3751 368 3825 potius
383 3770 460 3822 quam
479 3750 616 3803 Latomias
631 3751 724 3802 dixere.
740 3749 797 3800 Ea·
845 3745 922 3799 hiem.
939 3746 969 3798 Si
984 3747 1056 3800 illius
1066 3767 1153 3822 poenas
1164 3748 1230 3804 adeo
1243 3763 1364 3804 conum·-

287 3841 436 3883 remantem
448 3826 796 3892 meminitVarro,Ir.L.lib.
845 3837 933 3891 neret,
953 3838 982 3877 nt
1008 3826 1074 3880 ultro
1098 3848 1140 3881 eas
1157 3828 1366 3906 sibilabiglju-

288 3909 336 3974 lV;
349 3909 404 3963 cie.
418 3909 443 3962 in
458 3908 589 3972 Verrinis;
608 3907 676 3962 Plin,
688 3905 743 3966 lX,
757 3905 798 3970 37,
847 3905 1030 3960 beretdele.

679 4181 963 4212 -m
