2894 4784
371 481 675 552 sursumsnuu
696 483 845 568 meno,
871 488 903 550 e.
1100 485 1168 578 ⁶89

94 613 170 682 hoc
187 611 245 680 dic
264 608 657 680 novissimouudientur.
679 609 715 678 Si
734 607 907 678 occidetur
921 609 1063 696 Cicero,
1077 611 1171 703 jace·

95 729 154 798 bit
172 731 264 797 inter
280 727 478 820 Pompeium
497 742 629 820 putrem
646 725 822 819 filiumque
840 753 848 795 ι
866 744 901 796 et
916 726 1092 798 Afranium
1106 733 1171 800 Pc-

96 839 309 935 treiumqr're,
327 841 374 935 Q.
387 839 564 924 Catulum,
577 843 635 909 Μ.
653 842 854 911 Antonium-¹
875 843 971 913 ilium
989 845 1169 941 indignum

98 961 172 1030 hoc
189 979 382 1028 successore
401 958 550 1051 generis.
578 958 614 1025 si
638 975 807 1040 servetur,
831 959 923 1028 vivet
944 964 1035 1031 inter
1054 965 1172 1034 Venti·

99 1073 198 1160 dios,
214 1088 248 1142 et
263 1071 438 1154 Caninius,
455 1088 490 1139 et
501 1073 637 1140 Soreoi.
653 1071 704 1139 Ito
718 1070 859 1141 dubium
872 1088 940 1156 est,
953 1099 997 1143 sn
1010 1079 1114 1148 satius
1127 1083 1171 1148 sit

99 1213 182 1258 cum
203 1187 272 1254 iliis
291 1187 429 1278 jacere,
457 1208 501 1252 on
519 1207 596 1252 oum
613 1183 668 1252 his
690 1187 830 1254 vivere?
851 1188 918 1255 Pro
941 1213 1010 1258 uno
1032 1189 1170 1262 homine
1235 1183 1242 1199 ⁹

33 1312 41 1322 '
94 1305 234 1396 jectum
250 1301 388 1396 publica
405 1299 600 1395 pacisceris.
626 1301 704 1370 Scio
727 1324 825 1370 omne
843 1303 990 1394 pretium
1013 1305 1169 1397 iniquum

98 1441 203 1502 csse,¹
215 1416 308 1508 quod
322 1416 382 1484 iile
399 1416 572 1483 constituit
589 1443 597 1482 :
613 1439 713 1484 nomo
730 1418 815 1484 tanti
831 1417 913 1484 emit
930 1418 1106 1488 Ciceronis
1118 1425 1171 1490 vi-

100 1551 193 1616 tem,
209 1533 326 1623 quenti
340 1529 457 1600 vendit
469 1531 648 1599 Antonius.
668 1531 704 1600 Si
718 1530 808 1602 hunc
820 1530 885 1600 tibi
898 1534 1088 1624 pactionem
1102 1537 1171 1606 ior·

99 1666 175 1731 ret,
194 1652 306 1728 vives,
325 1648 386 1718 sed
406 1663 570 1717 eruentur
590 1647 680 1716 oculi
700 1644 763 1718 tibi
781 1675 789 1715 t
804 1650 917 1729 vives,
936 1650 996 1718 s'ed
1015 1651 1171 1727 debilita-

100 1769 233 1836 huutur
247 1765 353 1860 pedes
369 1789 377 1832 ε
394 1764 495 1834 etiem
510 1766 538 1833 si
553 1765 670 1833 inuiis
688 1765 809 1834 damus
826 1767 980 1859 corporis
993 1783 1170 1862 prestares

100 1882 324 1975 patientium,
345 1881 532 1973 excepisses
550 1893 662 1948 temen
678 1880 841 1972 linguam.
853 1880 926 1950 ubi
940 1897 991 1950 est
1003 1863 1096 1954 iecra
1110 1885 1170 1954 illu

100 2021 168 2064 vox
185 1998 269 2065 tusi
285 1997 376 2064 Mori
394 1997 485 2064 enim
503 2011 631 2064 naturae
655 1996 734 2066 finis
755 2010 806 2065 est
816 2047 827 2082 ,
855 2021 923 2064 non
942 1991 1082 2090 poena³3
1103 2001 1169 2070 hoo

99 2109 168 2177 tibi
189 2110 249 2178 uni
276 2131 345 2198 non
371 2106 505 2200 liquet?
528 2108 573 2178 At
597 2108 724 2177 videris
747 2109 894 2181 Antonio
921 2103 1165 2204 ‘persuasisse

99 2336 245 2392 numitor
263 2355 365 2408 qnoque
380 2336 437 2391 Nic.
454 2337 537 2391 Faber
549 2337 609 2390 huic
658 2336 728 2390 touio
750 2349 846 2391 cresim
871 2336 949 2391 hostis
972 2339 1036 2410 Pop.
1055 2339 1168 2400 Romani

98 2413 205 2468 lectioni
218 2432 225 2466 ε
241 2414 317 2487 Quid
330 2417 473 2469 Catilinam
486 2416 609 2467 aculeum
657 2427 694 2466 est
704 2415 837 2488 judicatus.
853 2416 893 2468 Gi.
911 2416 964 2468 Dio
976 2417 1167 2470 XLIII-Pro

98 2502 127 2544 rt
144 2493 287 2546 Antonium
303 2489 450 2561 reiprrdiicoe
458 2489 609 2545 redditum?
656 2487 705 2542 hec
723 2507 784 2544 voce
798 2493 930 2555 Canities,
947 2492 1034 2544 malim
1048 2492 1167 2564 equidem

138 2589 158 2622 r.
177 2569 213 2641 Q.
232 2572 371 2633 Catulum,
393 2570 434 2623 lii.
454 2571 608 2623 Antonium.
660 2565 785 2620 Canidios
801 2567 853 2640 legi
870 2585 877 2620 ι
895 2570 924 2621 Ρ.
945 2568 1014 2622 enim
1031 2569 1168 2635 Csnidius,

98 2649 241 2722 Egregium
252 2647 300 2701 Iroc
312 2659 439 2700 oratorum
449 2666 494 2720 par
510 2665 568 2698 oum
579 2645 609 2700 C.
658 2645 723 2699 victo
734 2647 766 2698 ad
778 2646 879 2700 Actium
889 2648 1014 2714 Antonio,
1024 2668 1164 2703 muscum

98 2717 186 2792 intio,
199 2725 370 2780 crudelissime
379 2723 540 2777 interiectum
551 2725 608 2776 Oc-
659 2722 747 2776 Cassio
758 2723 853 2777 Severo
865 2725 995 2778 Psrmensi
1006 2727 1166 2799 poetaeCoe·

97 2805 203 2858 tariano
214 2803 297 2867 beiio,
312 2801 381 2874 quod
392 2815 447 2875 poet
456 2801 608 2855 R.C.snno
657 2819 711 2854 esre
733 2804 846 2874 Augusto
864 2818 871 2852 :
889 2813 990 2854 suctore
1011 2803 1164 2872 Plutarcho,

96 2881 150 2935 666
162 2881 268 2934 exarsit:
280 2899 330 2951 qne
340 2889 484 2951 tempestate
495 2878 606 2943 Murius,
657 2878 725 2930 Veii.
736 2876 885 2944 Paterculo,
904 2890 929 2930 et
944 2879 1035 2932 Orosio
1048 2880 1092 2934 lib.
1106 2884 1163 2947 vl,

97 2979 158 3012 eum
168 2958 272 3029 reliquis
285 2956 410 3011 exsulibus
422 2975 451 3010 es
464 2955 551 3009 Airita
562 2973 607 3008 re·
656 2977 679 3010 c.
695 2971 732 3030 19
740 2956 880 3010 -Decidii
893 2958 965 3012 Sere
975 2957 1165 3015 meminitLivii

97 3037 190 3102 vertit,
209 3035 317 3105 urbsque
334 3033 444 3088 cedibus
469 3044 495 3084 et
511 3031 608 3106 rapinis
657 3035 776 3107 Epitcma
796 3055 852 3104 127,
867 3035 912 3104 qui
932 3035 970 3089 td.
990 3037 1100 3092 Antonii
1119 3039 1164 3094 ie-

97 3125 200 3167 vsststa.
209 3111 333 3166 Cicereio
341 3109 475 3172 Bruto,de
483 3111 606 3174 ornent,
657 3111 870 3184 gatusshbieno
882 3113 1091 3186 Pompeianarum
1100 3136 1163 3190 par-

97 3204 124 3245 et
132 3192 273 3246 inteutans
280 3187 375 3242 V.IIoc
381 3187 460 3260 igitur
466 3187 607 3242 voluitzdi.
657 3191 720 3244 tium
733 3190 814 3243 victus
825 3203 870 3244 cst.
884 3191 1004 3244 Meminit
1014 3206 1039 3246 et
1050 3194 1102 3250 Dio
1117 3195 1162 3248 lib.

97 3269 229 3322 Antonius
238 3279 322 3320 orator
332 3264 463 3339 indignus,
474 3264 520 3335 qui
531 3264 609 3327 hune,
658 3269 769 3322 XLVIII
784 3279 808 3321 et
823 3267 870 3320 lib.
883 3269 988 3321 XLVII.
999 3269 1095 3327 Scisti

96 3369 128 3401 cx
146 3345 201 3400 iilic
218 3349 256 3401 M.
275 3343 404 3410 Antonio,
424 3355 541 3417 nopotem
554 3341 606 3395 hn-
688 3345 711 3397 3.
722 3343 806 3397 Sacro
816 3348 866 3397 iila
877 3339 1005 3399 mmai
1013 3349 1088 3401 Mori
1092 3353 1162 3405 enim

95 3430 162 3482 best.
180 3426 247 3480 IIuio
264 3438 288 3477 ct
307 3425 337 3477 C.
358 3421 502 3486 Antonius,
523 3420 606 3474 Marci
655 3423 829 3492 uaturoefinis
846 3433 898 3482 esi,
917 3443 1065 3492 nonpoerra.
1077 3427 1162 3482 Exstat

94 3509 182 3571 irater,
196 3503 279 3566 hesit,
292 3503 338 3571 qui
349 3521 365 3555 a
378 3499 501 3551 Cicerone
510 3495 606 3552 filicsd
654 3513 762 3552 extrema
784 3499 927 3552 Miioniana
941 3539 949 3566 ,
966 3501 1107 3558 Exsilium
1125 3507 1164 3560 idi

86 3581 225 3652 -Byiiidern
234 3580 324 3646 victus,
335 3579 362 3631 iu
373 3577 408 3632 M.
417 3577 491 3629 Bruti
499 3589 604 3649 potcsta-
652 3595 708 3630 esse
719 3585 798 3646 putat
808 3575 891 3640 Milo,
905 3577 952 3629 ubi
960 3583 1053 3632 virtuti
1062 3587 1161 3636 nonsit

95 3675 148 3714 tem
159 3659 237 3712 venit.
248 3657 344 3712 Schcii.
653 3654 875 3719 iocuarMor-iem,
887 3660 1157 3728 natumfinemesse,

131 3731 604 3798 2.eridror,ercamut›s,ersaoeas.
653 3733 932 3801 nonpoenam.Schoti.

95 3816 127 3868 P.
145 3813 280 3866 Ventidius
300 3811 354 3876 hic,
377 3810 475 3864 Picens.
488 3821 540 3874 est,
560 3809 604 3881 qui
685 3813 709 3878 i.
720 3812 1157 3882 ArvidertsAnrombperroastrse.

95 3891 187 3946 humili
205 3891 262 3944 Ioco
278 3903 370 3955 notus,
383 3889 456 3942 miles
471 3899 602 3952 strenuus,
655 3889 739 3957 Quare
749 3889 792 3942 iiie
803 3907 856 3942 non
866 3889 896 3941 in
905 3891 984 3944 vitem
995 3903 1064 3944 tuam
1073 3895 1157 3959 serit,

94 3969 216 4042 mojam
222 3969 256 4022 ad
261 3966 460 4022 internecionem
470 3968 507 4020 Μ.
514 3965 602 4020 Crasso
652 3966 696 4019 sed
703 3968 730 4019 in
741 3967 838 4042 ingenii
845 3967 883 4019 tui
889 3981 1061 4034 monumenta,
1067 3971 1158 4040 quibus

94 4047 241 4111 stsrtas,
254 4046 360 4098 Parthos
368 4045 444 4109 vicit,
456 4043 524 4096 iliius
533 4062 602 4096 mor·
652 4046 800 4122 immortalis
816 4065 867 4098 esse
881 4047 1095 4112 potes:Moriem
1114 4070 1158 4102 re-

93 4141 146 4179 tem
158 4125 314 4190 vindicavit,
327 4123 409 4192 deque
419 4124 450 4176 iis
462 4121 604 4194 triumpha·
652 4126 748 4185 mittit,
760 4135 789 4176 ut
799 4126 829 4174 id
835 4133 940 4192 pereat,
952 4127 1024 4194 quod
1034 4129 1119 4178 solum
1131 4131 1158 4180 in

94 4205 131 4256 vit
142 4203 246 4277 primns.
256 4201 305 4256 IIic
319 4200 414 4256 Prsetor
425 4221 483 4254 com
495 4201 532 4252 M.
545 4201 605 4252 An·-
654 4209 678 4252 ie
689 4203 835 4254 immoriais
844 4208 889 4254 esi.
902 4199 999 4254 sciuit.

179 4294 206 4353 l.
222 4295 337 4354 Senecoe
349 4314 417 4372 pars
430 4292 560 4351 secunda.
630 4377 635 4388 Ι
1028 4292 1069 4372 44
