2874 4808
314 499 380 582 us
638 500 685 563 Μ.
712 497 859 564 snam
883 497 1061 566 sanaem

311 626 376 694 sibi
389 623 523 704 deesse,
539 621 710 691 sedvires.
724 626 833 692 Etiam
846 624 935 693 hanc
948 625 1148 694 senteutiam
1158 630 1193 694 in
1203 631 1374 719 prooemio,

310 761 528 832 magnorum
547 737 879 804 assensuhomiuum
904 736 990 806 dixit
1015 743 1129 807 :Eum
1152 757 1377 808 accusatorem
1433 753 1435 764 ’

309 847 434 936 haheo,
448 853 506 944 qui
521 876 557 920 se
570 875 666 920 reum
680 877 748 920 non
761 876 835 920 esse
849 853 1004 921 miratur.

356 971 471 1036 Bassus
486 968 598 1034 lucius
614 967 650 1032 in
663 965 730 1032 hac
751 968 980 1034 controversia
995 965 1079 1034 dixit
1096 994 1103 1033 :
1121 968 1239 1061 Quare
1256 992 1309 1036 me
1325 989 1375 1036 se-

309 1085 425 1176 queris
438 1106 500 1176 per
512 1082 688 1176 publicum
700 1084 714 1149 ,³
725 1083 873 1150 Facinus
885 1082 1076 1177 indignum,
1089 1081 1242 1170 ludices,
1256 1086 1375 1152 lactum

308 1217 377 1270 est:
393 1214 569 1294 pauperet
582 1197 676 1266 dives
690 1201 841 1267 eamdem
856 1215 981 1268 terram
992 1201 1172 1268 calcamus.
1182 1203 1374 1269 Consectari

306 1335 419 1387 autem
437 1315 565 1385 solebat
584 1339 639 1383 res
658 1314 829 1401 sordidas,
848 1333 882 1384 et
899 1315 1096 1385 inveniebat
1113 1319 1174 1409 qui
1188 1317 1264 1385 illas
1277 1319 1375 1386 unice

202 1458 204 1463 ·
307 1436 508 1527 suspiceret.
523 1434 663 1502 Memini
683 1432 778 1502 illum
796 1432 1039 1502 declamantem
1059 1431 1248 1500 declarasse
1264 1445 1273 1478 ¹
1293 1455 1374 1500 con-

305 1548 504 1617 troversiam
519 1545 562 1613 de
575 1545 717 1631 lenone,
735 1549 792 1638 qui
808 1546 926 1615 decem
937 1547 1121 1640 juvenibus
1140 1546 1370 1631 denuntiavit,

305 1689 350 1734 ne
367 1666 405 1732 in
421 1665 565 1758 lupanar
576 1664 796 1749 accederent,
814 1680 848 1732 et
864 1665 994 1731 foveam
1010 1665 1091 1756 igne
1106 1665 1271 1756 repletam
1287 1683 1372 1733 terra

304 1783 495 1875 superjecta
505 1780 618 1848 obruit
628 1831 639 1865 ,
656 1782 692 1848 in
710 1781 1100 1872 quam2adolescentibus
1118 1781 1222 1872 lapsis
1239 1797 1275 1848 et
1292 1803 1374 1850 con·

302 1899 446 1991 sumptis
465 1913 643 1966 accusatur
661 1897 859 1990 reipublicae
886 1897 982 1966 laesae.
1009 1897 1109 1990 Apud
1137 1896 1234 1965 illum
1258 1897 1373 1966 decla-

301 2029 449 2082 mantem
459 2010 630 2094 Albutius,
646 2001 838 2082 fastidiosus
845 2012 993 2098 auditor,
1006 2037 1064 2081 eos
1077 2013 1203 2107 quihus
1217 2014 1372 2082 invidere

302 2135 470 2224 poterat¹,
491 2129 732 2198 admirabatur.
750 2133 846 2200 Hauc
864 2125 977 2200 Bassi³
993 2132 1195 2199 senteutiam
1215 2155 1286 2200 non
1304 2157 1372 2200 me-

300 2245 459 2315 hercules
476 2246 658 2331 referrem,
681 2249 709 2314 si
729 2271 846 2314 canem
869 2245 911 2314 ad
931 2249 1052 2314 ostium
1070 2247 1259 2340 alligasses.
1283 2247 1373 2316 Idem

301 2363 459 2433 Latronis
472 2363 547 2431 illas
565 2365 748 2438 sententias
764 2364 876 2430 aicbat
893 2363 1037 2432 tumidas
1055 2365 1163 2456 magis
1180 2387 1256 2432 esse
1274 2389 1370 2456 quem

303 2482 421 2549 fortes.
431 2482 567 2550 Summa
578 2480 752 2548 hominum
766 2479 987 2548 admiratione
1001 2474 1367 2552 ‘circumferebantun

303 2601 440 2692 Lugent
457 2612 658 2693 argumenta
675 2592 824 2690 patres⁵,
842 2613 876 2665 et
887 2598 1161 2667 ossa'liberorum
1177 2600 1370 2692 conjectura

304 2713 476 2782 dividunt.
494 2717 537 2782 Et
550 2714 641 2781 illam
662 2711 856 2782 :Producta
873 2711 1031 2781 sacerdos
1047 2719 1237 2783 tuam...Et
1251 2716 1343 2783 illam
1360 2743 1367 2781 :

338 2877 359 2910 r.
373 2857 459 2910 Illam
480 2858 677 2908 declamantem.
695 2855 813 2908 Offendit
861 2855 910 2907 huc
924 2855 1002 2919 dicit,
1016 2855 1128 2923 Seneca,
1141 2875 1174 2908 an
1189 2855 1327 2923 Albutius,
1340 2877 1371 2910 sn

303 2953 345 2986 sue
356 2936 562 2987 adclamantem
574 2935 728 2986 declarasse.
738 2932 812 2985 Scri·
860 2931 916 3001 quis
927 2929 1014 2984 alius?
1027 2933 1153 3000 Quaenam
1164 2935 1292 2988 sententia
1303 2935 1370 2988 Bassi

303 3011 379 3079 psisse
398 3009 496 3061 Seneca
512 3009 620 3074 videtur,
644 3011 812 3064 decolorasse.
861 3007 1024 3080 increpatur?
1036 3013 1079 3061 an
1089 3009 1134 3061 illa
1146 3029 1204 3080 quae
1219 3013 1297 3082 longe
1313 3029 1373 3085 pse·

302 3088 423 3140 Colorem
440 3085 510 3139 enim
527 3085 629 3154 hahuit,
642 3107 693 3157 quo
710 3086 811 3140 lenonis
861 3085 933 3135 cessit
945 3104 952 3136 ε
964 3087 1086 3139 «lacinus
1103 3086 1263 3160 iudignum,
1278 3103 1324 3142 etc.
1334 3087 1369 3140 is

301 3167 396 3218 lactum
410 3163 543 3237 insigniter
554 3163 706 3238 vituperaret
723 3177 747 3217 et
764 3185 811 3218 no·
860 3163 962 3214 Trunca
974 3161 1027 3217 haec
1036 3163 1155 3216 videntur
1166 3165 1255 3220 omnia
1262 3205 1271 3233 ,
1283 3185 1330 3219 nec
1338 3167 1371 3218 ia-

302 3255 371 3294 taret.
383 3240 531 3312 Elegantius
544 3260 575 3293 eo
585 3242 660 3294 etiam
673 3254 725 3302 est,
742 3241 811 3310 quod
859 3252 897 3292 ter
907 3244 933 3291 se'
946 3239 1081 3296 coherent.
1097 3241 1168 3294 Infra
1180 3263 1226 3317 pro
1242 3247 1269 3297 ss'
1283 3261 1371 3298 comm

300 3322 446 3373 decolorare
456 3319 564 3387 intelligi
575 3319 668 3391 possit,
680 3333 708 3372 ut
721 3317 811 3389 desor-
860 3317 997 3388 legendum
1011 3331 1071 3390 pttlo
1083 3322 1137 3370 ssr'ss'
1146 3339 1253 3384 canem,
1263 3341 1297 3372 ne
1308 3321 1371 3372 lorte

301 3397 486 3454 mare-Schult.
495 3425 527 3438 -
538 3398 638 3466 Quidni
648 3395 809 3471 simpliciter:
860 3397 927 3448 canis
939 3395 1018 3448 irruat
1031 3396 1059 3448 in
1070 3407 1197 3450 oratorem
1213 3397 1283 3452 laeda
1294 3409 1318 3450 et
1330 3417 1372 3450 ca-

300 3475 414 3529 Memim‘
422 3477 498 3527 illam
509 3476 691 3530 declamasse?
704 3476 810 3528 Praeser·
859 3475 979 3528 daverosa
991 3487 1148 3528 tractantem.
1166 3475 1218 3526 Sed
1234 3475 1293 3546 quis
1306 3476 1372 3528 reli-

299 3551 345 3602 tim
354 3569 433 3620 quum
446 3569 475 3601 es
486 3551 562 3604 initio
573 3551 701 3621 sequentis
710 3563 810 3604 senten·
858 3573 909 3625 qna
925 3565 976 3606 tam
989 3553 1063 3606 facile
1085 3553 1169 3606 sanari
1189 3573 1266 3622 pesse
1284 3553 1371 3609 conli-

300 3627 340 3680 tite
349 3627 448 3679 illatum
460 3627 509 3682 huc
521 3628 636 3681 videatur
650 3627 807 3701 participium
859 3631 910 3684 dat.
923 3633 973 3683 En.

299 3707 497 3760 declamantem.
511 3705 561 3758 Eu.
890 3709 1035 3776 4.Summa
1047 3711 1182 3764 domnam
1192 3713 1371 3766 admiralium

299 3793 304 3804 ‘
334 3803 357 3834 a.
374 3783 478 3856 Quibus
488 3785 600 3838 incidere
612 3794 722 3853 poterat.
736 3785 807 3852 Quos
856 3787 1107 3856 circumferebantur.
1134 3789 1197 3841 Hae
1225 3789 1370 3862 parenthesi

296 3863 458 3917 assentiebat
473 3884 524 3917 esse
542 3865 659 3937 majores.
676 3867 728 3918 llos
741 3865 807 3916 iuter
856 3867 1023 3933 includenda,
1034 3868 1126 3938 quibus
1137 3868 1163 3920 in
1175 3880 1322 3922 transcursu
1332 3868 1370 3920 si-

295 3941 431 4012 ponendus
445 3943 522 3996 Latro
535 3941 605 3994 haud
623 3941 717 4006 dubie,
730 3962 806 4013 quent
854 3943 999 4016 gnificatur,
1014 3965 1059 3998 cut·
1071 3945 1188 3999 Albutius
1204 3946 1251 4000 has
1262 3961 1370 4001 senten·

296 4039 342 4073 suo
362 4040 434 4074 more
454 4039 513 4073 mox
531 4021 617 4092 carpit.
638 4020 744 4074 Videtur
763 4020 805 4075 hic
853 4023 899 4075 tias
912 4023 1101 4094 improbaverit.
1113 4021 1213 4076 actare

295 4096 358 4150 alins
375 4098 514 4151 clarissimo
527 4097 573 4150 illo
592 4098 717 4162 Rhetore,
733 4097 805 4171 cujus
886 4097 1175 4170 &Lugeatargumenta
1183 4111 1287 4168 putres.
1297 4101 1369 4155 Gan·

295 4192 360 4246 sape
371 4175 399 4227 ia
412 4174 451 4226 his
465 4174 570 4228 mentio.
584 4175 682 4230 Schult.
851 4174 912 4248 jecit
927 4175 1102 4248 schellingius
1116 4179 1205 4248 lugent
1218 4183 1288 4234 later
1298 4199 1365 4250 par-

327 4249 350 4302 ³.
362 4249 442 4304 Hauc
455 4251 543 4305 Bassi
558 4257 720 4307 enuntiem.
739 4255 802 4324 Quis
848 4265 973 4324 gementu
990 4265 1098 4324 patres,
1122 4255 1244 4328 additque
1265 4275 1273 4310 t
1295 4261 1362 4311 nun
