2874 4796
273 454 532 532 ··nxcntt1⁷rn
555 463 716 532 CONTR.
742 459 835 536 nm:
848 467 909 538 ΙΙΙ.
1079 478 1142 559 n97

64 597 277 667 concitatum
295 623 303 662 ι
320 601 385 663 nec'
405 594 532 677 lenus,
546 597 619 662 'nec
647 609 770 665 vacuas
793 587 1054 692 explicationes,
1086 597 1148 666 aed

66 713 149 810 plus
179 737 297 782 sensus
327 731 427 803 quam
462 709 643 777 verborum
673 710 837 781 habentes
868 740 876 779 ι
904 709 1144 806 diligentiam,

68 829 254 898 maximum
281 828 382 895 etiam
413 816 595 893 mediocris
628 827 758 919 ingenii
787 828 989 897 subsidium.
1016 829 1148 898 Tamen

68 969 144 1016 non
158 953 288 1013 tantum
305 942 399 1011 ‘inira
413 965 468 1028 ac,
487 967 591 1035 quum
606 941 829 1033 declamaret,
857 943 917 1014 aed
937 947 1035 1014 etiam
1055 945 1149 1014 ‘inira

71 1061 199 1130 multoe
230 1059 461 1152 munitaque
493 1067 570 1126 rat'n
603 1057 833 1147 declamabat,
863 1079 898 1131 ct
919 1077 989 1133 non
1010 1065 1076 1132 niel
1104 1064 1149 1132 ah

70 1177 194 1247 amicis
215 1191 361 1245 coactus.
378 1171 446 1244 Sed
465 1177 631 1268 quaerenti
656 1167 760 1260 mint,
789 1190 894 1270 quare
917 1182 954 1248 in
981 1171 1152 1251 declama-

71 1293 225 1364 tionibus
240 1294 350 1387 impar
364 1307 452 1361 esset
468 1289 556 1374 sibi,
573 1276 647 1361 'hoc
668 1291 781 1362 aiebat
799 1318 808 1362 ε
825 1295 930 1388 Quod
948 1299 985 1365 in
1009 1321 1063 1366 me
1084 1299 1150 1366 mi-

71 1409 185 1494 raris,
205 1431 301 1502 praue
326 1406 483 1476 omnibus
500 1393 627 1476 evenit.
649 1410 774 1503 Magna
791 1421 930 1504 quoque
950 1411 1107 1505 ingenia,
1129 1435 1150 1481 a

73 1524 202 1620 quibua
214 1523 356 1592 multum
370 1522 487 1592 abesse
502 1547 555 1591 me
569 1525 659 1606 acio,
675 1525 812 1617 quaudo
826 1527 902 1619 plus
916 1545 1019 1620 quam
1032 1531 1068 1595 in
1082 1549 1151 1596 uno
1186 1587 1191 1592 .

74 1639 295 1709 eminuerunt
308 1639 435 1730 opere?
446 1637 627 1730 Virgilium
643 1638 701 1706 illa
717 1639 860 1708 felicitas
874 1642 1005 1732 ingenii
1021 1642 1058 1708 in
1075 1663 1152 1710 ora-

76 1759 172 1825 tione
191 1748 298 1823 soluta
316 1753 467 1845 reliquit.
488 1755 687 1822 Ciceronem
713 1757 907 1848 eloquentia
931 1776 991 1826 sua
1017 1761 1053 1826 in
1072 1781 1150 1846 car-

75 1869 227 1940 minibus
244 1869 431 1938 destituit¹.
446 1851 628 1938 Orationes
642 1869 792 1939 Sallustii
811 1873 846 1938 in
859 1870 1025 1942 honorem
1039 1873 1150 1944 histo-

75 1991 205 2056 riarum
234 1985 408 2078 leguntur.
440 1983 714 2074 Eloquentisaimi
744 1988 810 2054 riri
839 1987 988 2057 Platonis
1012 1993 1120 2059 oratio
1132 2025 1163 2075 ‚·

75 2104 153 2196 quse
165 2127 229 2198 pro
243 2101 402 2171 Socrata¹
418 2103 543 2194 scripta
557 2115 621 2186 est,
640 2124 705 2170 nec
718 2116 874 2196 patrono,
889 2127 956 2173 nec
970 2129 1029 2174 reo
1043 2105 1148 2200 digna

75 2231 142 2286 eat.
172 2220 246 2285 Hoc
267 2237 338 2282 non
361 2213 677 2307 ingeminantem,
699 2216 759 2284 aad
777 2219 978 2309 corporibus
996 2218 1150 2288 videmus

74 2331 235 2403 accidere
253 2359 260 2400 :
276 2355 419 2425 qnorum
435 2333 526 2399 vires
540 2354 609 2398 non
626 2331 670 2400 ad
688 2335 817 2414 omnia,
840 2358 915 2427 quae
927 2332 1060 2404 viribus
1074 2337 1152 2405 elli-

76 2453 230 2530 ciuntur‚
254 2447 339 2543 aptae
360 2462 450 2517 sunt.
474 2446 529 2515 Illi
554 2471 654 2516 nemo
674 2448 835 2518 luctando
852 2475 917 2543 par
935 2465 986 2518 cat
1006 2453 1152 2521 :illaad

77 2563 264 2637 tollendam
280 2566 393 2660 magni
411 2563 572 2660 ponderis
587 2567 752 2634 sarcinam
768 2567 927 2660 praevalat
946 2594 954 2634 ε
971 2567 1030 2636 illc
1046 2569 1148 2662 quid-

76 2815 173 2874 tstem,
190 2817 215 2860 et
227 2802 363 2857 amariores
378 2801 455 2863 sales,
471 2796 517 2853 lib.
530 2801 587 2869 Vl,
639 2802 668 2854 in
675 2800 785 2857 dicendo
796 2805 934 2859 ubertatem
942 2804 1012 2859 idem
1018 2827 1083 2882 sape
1091 2809 1148 2864 len·

76 2909 133 2960 esp.
144 2889 175 2952 4,
195 2887 225 2952 41
245 2885 291 2938 ult.
308 2887 425 2956 quamvis
444 2894 528 2935 tamen
543 2901 590 2935 nec
639 2880 682 2933 dat
694 2897 700 2932 :
712 2895 737 2934 et
746 2884 839 2936 Josem
850 2885 886 2938 sic
899 2884 1043 2960 philosophi
1055 2887 1145 2953 siunt,

77 2967 222 3022 urbanitate
227 2963 345 3019 cernerit
354 2961 388 3015 Ν.
400 2962 492 3038 Faber.
639 2959 661 3011 si
674 2960 762 3016 Graes
776 2960 902 3032 loquatur,
924 2961 1074 3018 locuturam.
1094 2965 1146 3020 set

116 3062 136 3096 s.
161 3035 307 3098 Ciceronem
325 3043 471 3108 eloquentia
493 3059 543 3094 sua
562 3043 590 3093 s'n
638 3037 710 3092 aliter
722 3040 818 3092 Seneca
830 3039 952 3112 iudicavit
963 3061 971 3096 ι
982 3042 1147 3097 ιίωωιΙίομ

76 3119 241 3175 cantricibus
257 3119 381 3172 destinis.
402 3115 446 3170 Sic
467 3129 491 3170 et
510 3127 590 3189 postte
638 3133 695 3168 rum
709 3117 763 3190 ejus
779 3116 858 3170 seculi
871 3119 1008 3172 Oratorem
1021 3121 1147 3175 orationi-

78 3199 127 3274 ipsi
143 3197 267 3270 judicant.
285 3193 403 3248 Juvenal.
423 3193 477 3245 Sat.
490 3207 525 3246 κε
541 3213 554 3240 s
566 3194 591 3246 0
638 3192 685 3246 bns
703 3194 829 3267 Apologia
841 3196 884 3248 ills
899 3211 1074 3271 componatur,
1088 3199 1147 3273 plal-

77 3281 250 3340 fortunatam,
265 3287 350 3326 natam
365 3290 406 3323 ms
420 3269 524 3325 consule
536 3272 589 3324 tto·
639 3271 796 3340 losophirsrn
813 3273 895 3345 potius
912 3281 989 3346 quarn
1010 3279 1146 3334 oratoriam

79 3357 163 3409 rosm!
173 3354 271 3407 Antoni
278 3351 377 3424 gladios
384 3349 465 3422 potuit
473 3361 591 3402 conmm-
638 3349 721 3403 risum
735 3350 767 3403 iri
779 3367 786 3402 t
800 3350 828 3403 in
839 3371 889 3422 qus
901 3363 925 3404 et
938 3353 1078 3426 Dionysius
1087 3357 1147 3411 Hs-

78 3446 155 3501 n'cre,
166 3433 188 3486 sl
198 3431 234 3484 sic
247 3429 342 3486 Omnis
354 3428 471 3492 dixissen
483 3427 590 3480 ridenda
637 3429 726 3483 licsrn.
741 3431 857 3500 qutsdsm
875 3431 1044 3503 reprehendit.
1060 3437 1148 3508 Lysias

78 3523 197 3587 poemata
206 3508 289 3573 malo,
300 3509 384 3578 strn
397 3511 421 3559 le
431 3506 589 3579 conspicuas,
630 3526 739 3578 qaoque
753 3507 929 3562 disertissimus
941 3523 1033 3578 orator,
1049 3511 1146 3566 Socrati

78 3590 168 3646 divina
180 3587 332 3660 Philippica,
346 3587 434 3652 lamas,
449 3584 589 3638 Volveriss
639 3586 780 3640 ontionem
791 3585 887 3650 attulit,
901 3605 977 3659 quem
993 3590 1016 3643 si
1034 3592 1057 3644 ai
1070 3591 1148 3646 vide·-

77 3671 227 3745 primsquae
237 3667 359 3738 proxima.
370 3687 384 3714 s
397 3667 429 3719 In
439 3683 517 3736 quem
531 3683 589 3718 san-
638 3677 715 3728 rstur‚
729 3663 864 3727 edisseras,
878 3678 908 3719 at
922 3685 951 3720 ss
962 3688 1007 3741 pro
1018 3689 1045 3723 se
1055 3670 1084 3723 in
1099 3672 1145 3742 jn·

22 3803 24 3812 ,
78 3749 185 3804 tentiam
198 3744 356 3800 armentalis
368 3743 474 3818 pedibus
486 3761 590 3797 cuncu—
638 3741 1146 3816 dicionteretur.Legitillenoninsitss,

77 3827 117 3882 ,is
126 3827 226 3882 sehon.
637 3831 664 3872 et
673 3821 807 3874 commoda
817 3820 936 3894 scriptam
950 3841 1001 3876 osse
1014 3822 1084 3876 dixit.
1093 3825 1146 3878 Sed

113 3926 136 3958 s.
150 3903 274 3958 Platonis
286 3905 380 3965 oratio,
399 3919 458 3972 qaoe
472 3919 522 3970 psa
538 3898 589 3953 So·
637 3899 735 3970 inquit,
746 3911 774 3952 ut
784 3897 806 3954 si
818 3899 884 3952 mihi
900 3901 996 3954 calceos
1011 3901 1147 3973 sycioniis

77 3993 156 4036 crate.
177 3981 262 4034 Esstst
277 3979 404 4052 hodieque
422 3999 467 4052 pro
486 3981 589 4033 Socrate
638 3977 779 4040 attulisses,
792 3995 845 4030 non
863 3989 956 4044 uterer,
969 3978 1085 4049 quemvis
1101 3999 1146 4032 es-

79 4062 211 4130 Apologr'a
224 4061 345 4113 Plutonis
358 4078 366 4112 .·
378 4076 407 4111 sn
418 4074 469 4128 qua
480 4059 588 4124 Cicero,
637 4068 693 4108 sent
705 4055 815 4125 habiles,
828 4068 853 4108 st
863 4056 914 4126 epti
926 4055 957 4108 ad
971 4055 1075 4126 pedem,
1086 4057 1144 4128 qni.

77 4141 222 4195 Tusculana
233 4141 261 4206 1,
276 4139 308 4192 de
317 4140 589 4192 Animorumr'mmnr·
638 4155 691 4190 uon
704 4145 789 4190 esunt
799 4136 885 4188 viriles
898 4151 905 4186 ε
919 4134 956 4188 sie
973 4133 1044 4188 illam
1056 4137 1148 4192 anfio-

79 4223 182 4275 nttsete
194 4220 313 4291 qondam
327 4219 461 4271 transtulit.
475 4217 588 4290 Eiusque
638 4233 696 4270 usur
706 4213 1146 4281 disertsmaibictorstoeismuideei,

161 4314 189 4376 l.
212 4313 325 4375 διωσω
334 4333 404 4391 pars
416 4313 549 4372 secunda.
1021 4308 1058 4366 32
