2894 4784
369 453 676 548 senecensem
699 452 853 536 mssa,
879 454 910 519 3.
1109 461 1181 528 sss

67 599 166 664 est,
198 582 258 651 sed
278 582 399 665 flatus,
427 583 487 672 qui
509 587 738 675 occupavere¹
755 602 903 665 annum,
921 579 1055 670 tenent,
1072 587 1176 678 quid-

70 700 189 790 quid
202 698 330 769 bonum
345 716 396 768 est
408 703 435 765 ¹.
451 701 553 766 Extra
569 699 700 790 jussum
715 701 779 768 Dei
798 691 926 768 tutum³
937 701 1005 769 ¹fnit
1018 702 1174 772 adultero

68 837 209 882 mare.
221 815 340 882 Atnon
353 828 474 907 potero
486 810 663 885 vindicare
676 812 883 882 adulteram?
896 807 1006 907 prior*
1022 830 1074 883 est
1085 817 1176 886 salus

72 929 247 1024 pudicae.
267 931 319 998 Ne
338 928 421 1020 quid
438 927 628 1020 virginitati
643 926 746 1020 hujus
760 929 931 1014 timerem,
946 917 1176 1023 persequebar

72 1047 309 1115 adulterum.
321 1049 419 1114 Victa
429 1046 533 1136 Troja
547 1043 738 1136 virginibus
752 1045 897 1112 bostium
911 1069 1048 1138 parcam
1066 1073 1073 1112 :
1087 1047 1176 1116 nihil

75 1164 216 1233 adbuc
234 1165 331 1256 virgo
344 1162 471 1232 Priami
485 1161 581 1230 timet
593 1154 619 1228 ⁵.

141 1282 264 1349 Casan
278 1281 346 1348 P11.
360 1283 428 1348 Vos
442 1302 506 1372 ego
521 1277 565 1346 a'd
577 1278 664 1359 baeo,
682 1277 731 1344 dii
745 1279 960 1364 immortales,
978 1279 1110 1366 invoco,
1126 1283 1176 1350 sic

77 1395 271 1462 reclusuri
285 1393 366 1461 estis
379 1381 506 1460 maria⁶
520 1390 686 1460 iObstate
696 1394 821 1484 potius.
834 1396 886 1462 Ne
897 1395 1023 1462 Priami
1035 1395 1174 1486 quidem

81 1508 229 1576 liberos
256 1505 489 1576 immolaturus
518 1509 593 1572 esl.
621 1505 786 1574 Describe
809 1531 901 1575 nunc
926 1524 1170 1601 tempestatem.

80 1622 225 1693 Omnia
249 1623 311 1690 ista
328 1622 490 1714 patimur,
506 1643 570 1688 nec
583 1620 805 1713 parricidium
819 1620 972 1691 fecimus.
989 1623 1094 1715 Quod
1107 1625 1173 1693 boc

81 1757 232 1807 sacrum
248 1752 299 1805 est
309 1787 321 1822 ,
338 1738 483 1828 virginis
500 1736 572 1804 deae
593 1734 720 1830 templo
743 1740 913 1832 virginem
934 1740 1117 1810 occidere?
1130 1741 1172 1809 li·

81 1853 236 1925 bentius
251 1855 341 1922 banc
355 1852 563 1922 sacerdotem
577 1851 718 1921 babebit
730 1879 831 1946 quam
845 1858 1039 1942 victimam.

142 1972 485 2038 Coenam-Herm.
510 1969 667 2054 Inlestae,
685 1971 823 2064 inquit,
843 1990 921 2042 sunt
936 1989 1174 2068 tempestates,

87 2103 126 2156 et
141 2088 290 2156 saeviunt
304 2085 409 2156 maria
425 2110 433 2152 :
447 2108 558 2178 neque
569 2083 682 2176 adhuc
696 2086 917 2180 parricidium
930 2089 1009 2158 feci.
1025 2091 1091 2158 lata
1103 2113 1174 2160 ma·

91 2319 175 2370 redit.
187 2316 248 2370 Hac
260 2329 375 2388 corrupta
385 2327 461 2380 sunt;
474 2335 534 2368 nam
546 2315 612 2368 infra
661 2329 716 2387 post
730 2316 864 2372 Cornelius
876 2321 1023 2394 Hispanus:
1036 2343 1050 2368 o
1060 2321 1110 2373 Ista
1120 2339 1171 2374 nta-

88 2397 186 2448 eadem
201 2395 325 2448 sententia
342 2415 401 2448 eom
413 2393 516 2466 Virgilii
526 2393 612 2444 versi·
660 2393 697 2444 ria
707 2393 728 2446 si
736 2397 843 2448 numine
855 2416 901 2450 suo
910 2398 972 2450 deus
984 2410 1090 2470 regeret,
1098 2397 1172 2450 adul·

90 2475 142 2528 bus
160 2496 226 2545 quos
244 2475 356 2528 imitatus
370 2487 406 2526 est
418 2476 530 2540 Fuscus,
544 2491 612 2525 oon·-
660 2471 718 2524 teris
735 2473 918 2528 clauderentur.
936 2495 950 2524 u
973 2476 1000 2528 si
1023 2489 1106 2530 autem
1128 2477 1170 2528 dei

90 2553 176 2606 fertur
185 2555 275 2607 iisdem
285 2555 368 2607 verbis
376 2553 490 2627 repetita,
499 2571 550 2624 quo
561 2551 611 2604 lori
660 2549 777 2604 voluutas
791 2550 829 2604 bis
840 2551 910 2605 nulla
922 2553 1093 2618 interveniret,
1103 2554 1171 2609 male

91 2637 369 2705 nonquuminlucem
383 2635 466 2695 redit,
477 2633 610 2701 sedquom
660 2627 766 2682 Calchas
787 2630 1006 2702 interpretabatur,
1032 2640 1172 2705 tempesta-

89 2717 180 2768 uicem
192 2715 291 2774 reddit,
305 2711 406 2784 legitur,
424 2710 507 2764 oibilo
523 2721 609 2762 tamen
657 2717 724 2768 tem,
747 2727 798 2778 qua
817 2719 963 2761 tenerentur
978 2708 1081 2774 Grteoi,
1099 2711 1170 2766 iratte

89 2791 195 2843 rectius.
215 2789 254 2842 Ex
266 2789 378 2842 versibus
400 2803 484 2842 autom
503 2787 608 2858 Virgilii
656 2783 749 2838 Dianae
759 2785 1170 2860 numineimrnissam,quaenuue

91 2879 200 2941 apparet
220 2867 303 2919 dicere
321 2866 386 2920 velle
408 2865 496 2918 lunam
518 2864 608 2918 nubilo
656 2861 786 2916 immolata
805 2863 938 2935 Iphigenia
955 2865 1078 2938 placanda
1094 2879 1165 2921 esset.

90 2959 244 3016 occupatam
270 2943 368 3017 pluvias
393 2943 495 2996 minari.
527 2941 608 3012 Quasi
688 2941 713 3006 4.
726 2939 814 2994 Prior.
832 2941 881 2996 llic
893 2944 1068 3015 prosuaeteris
1080 2945 1171 2998 omni-

92 3024 259 3077 scribendum
271 3037 351 3088 esset,
364 3027 418 3076 sire
427 3031 553 3092 occupatu
561 3041 607 3073 nu·
656 3017 703 3072 bus
723 3020 925 3084 anteferendus
943 3021 978 3074 sie
994 3023 1095 3075 Terent.
1116 3025 1170 3077 Eu-

92 3101 149 3154 tito
168 3119 221 3153 non
236 3101 382 3172 untefinit,
400 3120 480 3170 quom
501 3099 610 3151 imbrem
659 3097 1154 3163 nuebl,1;etFtoms1,16.Schulr.

93 3179 184 3245 dedit,
195 3191 239 3231 aot
250 3175 348 3249 aliquid
360 3177 451 3231 simile.
465 3177 501 3230 N.
512 3175 609 3230 Faber.
692 3180 716 3230 5.
725 3175 806 3228 Nilei!
815 3177 901 3230 adbuc
916 3183 991 3248 uirgo
1005 3179 1113 3232 Priami
1129 3183 1169 3232 ti·-

132 3279 156 3311 r·
171 3257 332 3325 Occupovere
346 3255 610 3311 aemularentur
658 3266 718 3309 met.
737 3255 845 3322 Malim,
864 3257 933 3311 nibil
950 3258 1038 3312 adhuc
1058 3262 1171 3330 virgines

93 3339 253 3388 annotarunt
263 3334 364 3399 eruditi,
374 3354 474 3388 annum
484 3354 530 3406 pro
540 3345 609 3405 parte
662 3338 768 3390 Priami
780 3340 880 3390 timent.
902 3337 935 3390 Et
955 3357 1012 3393 moa
1028 3335 1082 3392 filia
1105 3340 1169 3395 adeo

95 3413 161 3467 suni
170 3432 244 3480 vero,
256 3425 353 3476 testate,
366 3424 506 3476 automno,
518 3411 610 3483 hyeme
660 3434 712 3467 non
725 3428 760 3468 ast
771 3433 857 3469 secura
869 3453 876 3481 ,
890 3427 954 3470 utet
966 3416 1096 3471 immolari
1113 3439 1170 3473 eam

94 3493 216 3546 usitatum
229 3513 281 3546 esso
292 3493 409 3564 antiquis.
421 3492 521 3546 schole.
660 3493 741 3547 velitis
750 3494 763 3546 i
771 3493 871 3548 &buln

50 3591 56 3602 ¹
130 3593 157 3625 a.
169 3571 310 3646 Quidquid
316 3573 413 3626 bonum
421 3571 610 3644 ert.1)istiogue
691 3573 715 3625 6.
727 3571 771 3626 Sic
781 3575 908 3625 reclusuri
918 3575 980 3626 estis
993 3577 1090 3626 morio.
1103 3573 1169 3642 Quas

97 3663 122 3704 et
134 3652 218 3704 scribo
227 3673 233 3707 :
243 3655 290 3706 sed
289 3653 389 3722 flatus,
403 3655 450 3724 qui
460 3669 612 3718 occupatum
659 3649 841 3703 claudebantur
856 3648 916 3702 olim
931 3669 961 3702 ex
977 3649 1019 3702 die
1034 3649 1107 3702 tertio
1126 3649 1172 3703 Ei-

96 3749 216 3794 arrnum,
240 3739 329 3784 tenent.
356 3729 496 3799 Quidquid
518 3729 612 3781 borum
660 3724 1170 3794 duomNovemb.usqoeaddiemsoxtum

98 3821 155 3877 ert,
174 3819 255 3861 extra
260 3811 370 3874 jussum
381 3805 435 3859 Dei
444 3816 491 3859 est.
513 3807 612 3859 Tutum
661 3802 739 3856 Eidus
752 3803 867 3856 Martias.
879 3801 1002 3874 vegetius
1016 3799 1123 3866 lib.1v,
1138 3803 1169 3856 do

96 3887 164 3952 suit,
179 3900 224 3940 etc.
236 3887 274 3938 Ex
288 3888 394 3939 Erasmo
409 3897 432 3938 et
444 3884 499 3936 Pal.
512 3885 611 3936 notavit
660 3901 687 3936 re
699 3880 811 3934 militari.
824 3879 925 3934 Sebott.

99 3963 240 4029 Gruterus,
253 3965 347 4017 borum
359 3983 367 4016 ‚¹
380 3983 462 4034 neque
473 3962 547 4015 alite'r
559 3962 612 4015 edi·
694 3981 717 4030 7.
736 3960 931 4013 Immoloturus
949 3976 985 4010 er.
1003 3957 1044 4008 To
1065 3955 1169 4012 celetas.

98 4039 134 4094 tio
146 4043 254 4096 Veneta.
275 4041 429 4095 Grunooius.
441 4067 475 4084 -·
487 4039 538 4093 Ed.
553 4039 611 4114 Rip.
660 4041 717 4111 Ego
730 4038 799 4092 enim
811 4035 966 4110 prohibebo,
976 4047 1001 4087 et
1009 4037 1078 4088 uicto
1091 4033 1117 4086 T
1114 4042 1170 4101 mia

7 4165 8 4172 ,
101 4115 398 4191 Gronoviumsequitur.
661 4119 801 4181 bostium,
823 4130 870 4170 etc.
886 4115 1032 4188 virginibus
1049 4129 1169 4184 parcam.

130 4193 613 4262 3.E.etruiussumDeitutum.Paolo
664 4195 765 4249 Sobult.
827 4237 831 4244 .
1219 4187 1224 4198 ’
