2874 4768
258 428 493 500 exesurus
517 407 679 496 counit.
707 431 786 496 un.
813 431 891 512 vn,
919 456 950 521 7.
1079 436 1141 521 ⁵77

64 558 316 652 pronuntiatus
327 547 397 636 est,
411 577 511 647 quam
523 575 628 646 qaum
641 571 770 656 emptus.
786 557 1075 650 Quemadmodum
1090 582 1145 628 re·

68 651 161 742 disti
175 689 285 754 tutus,
300 689 424 754 senex,
438 669 548 755 aolus,
560 693 638 738 oum
650 695 748 756 stuc,
762 695 866 764 quum
880 675 981 742 etism
998 675 1146 766 impera·

70 805 172 858 tores
192 789 395 884 capiuntur?
417 787 499 856 Plus
520 788 651 879 accepit
673 789 767 870 auri,
792 811 895 880 quam
917 790 1010 882 quod
1030 805 1144 883 posset

67 901 261 989 abscondit
275 901 381 970 nolite
391 902 527 984 mirari,
542 915 576 968 et
588 893 824 991 imperatorem
835 950 847 984 ,
860 899 1013 970 etlilium
1025 902 1145 972 uendi·

72 1017 332 1090 denudavero
350 1018 562 1108 proditorem.
588 1019 662 1086 lam
681 1017 828 1084 comitiis
848 1017 1008 1086 carinus.
1022 1018 1145 1087 Absur-

71 1133 199 1202 lisseat
217 1129 281 1200 tibi
293 1153 414 1200 surum
429 1131 561 1212 hostes,
577 1131 643 1198 nisi
662 1129 846 1200 dedissent.
864 1131 1147 1224 Gomtepmditc-

74 1272 162 1314 rem.
183 1244 351 1314 Iudicium
374 1245 439 1315 tuit
467 1244 643 1313 morientis
663 1243 790 1330 breve,
812 1245 879 1314 lilii
899 1247 1141 1318 verecundum.

74 1363 151 1430 Cur
170 1359 327 1429 dimitam
348 1360 411 1427 esi
429 1359 458 1428 si
482 1355 570 1428 nihil
592 1357 707 1442 uliud,
728 1374 763 1427 et
782 1357 901 1427 ducem
925 1362 1089 1454 genuisti,
1112 1378 1147 1430 et

76 1475 150 1544 dux
172 1497 244 1544 esse
266 1473 415 1563 voluisti.
439 1471 646 1542 Candidatus
665 1477 830 1567 processit
852 1491 969 1544 contra
987 1491 1144 1569 patrem3

73 1593 149 1684 jam
169 1605 251 1660 tunc
267 1585 367 1662 nobis
387 1587 580 1660 'verecundo
603 1587 768 1658 iudicarit
789 1589 897 1672 filius,
922 1589 985 1658 tibi
1010 1591 1149 1660 credere

78 1701 327 1797 rempublicam
337 1702 459 1770 noluit.
476 1703 596 1796 Legati
607 1705 715 1771 nostri
729 1726 848 1772 aurum
863 1702 1035 1788 ferebant,
1052 1719 1150 1798 pater

76 1803 259 1889 allereltst.
282 1821 368 1890 Num
393 1817 574 1887 immobilis
599 1816 900 1910 diriguistilNum
918 1837 952 1887 et
966 1820 1039 1888 illic
1052 1821 1147 1913 quasi

79 1949 117 2003 ct
136 1929 353 2027 ipse'uffixus.
369 1932 518 2015 haesistil
539 1931 624 2024 quid
644 1946 710 2000 um
730 1935 798 2001 cito
810 1933 966 2002 recedis?
978 1932 1101 2004 Adhuc
1114 1951 1147 2001 ct

78 2051 168 2118 vivit
189 2065 224 2118 et
247 2049 412 2140 loquium.
437 2051 528 2116 Voce
547 2047 776 2141 proditionem
797 2049 985 2132 indicarit,
1008 2052 1146 2119 silentio

78 2163 302 2259 proditorem.
311 2165 472 2258 Optimus
479 2165 665 2256 imperator
673 2184 793 2233 curare
804 2163 1047 2259 rempublicam
1060 2188 1103 2232 ne
1113 2166 1149 2232 in

80 2304 184 2350 cruce
191 2281 330 2373 quidem
337 2279 449 2349 desiit.
459 2278 541 2348 Tibi
549 2301 621 2348 nou
632 2279 718 2374 dixit
731 2280 838 2349 :Cave
848 2283 1062 2370 proditorem.
1078 2283 1148 2351 Nec

80 2399 267 2485 imperator
278 2396 388 2488 potuit
401 2409 515 2463 tacere
525 2391 768 2486 proditionem,
784 2416 848 2460 nec
860 2393 952 2461 filius
966 2394 1059 2485 loqui
1070 2417 1150 2486 pro·

81 2505 242 2577 ditorem.
258 2507 436 2600 Exspecta,
453 2505 533 2574 dum
546 2505 849 2599 mittanturleguti.
863 2503 960 2574 Dicis
975 2532 983 2572 ι
997 2505 1150 2574 Affectus

80 2649 151 2694 non
170 2624 311 2692 sustinet
325 2623 572 2714 moram2Ergo
586 2623 614 2688 si
628 2608 797 2688 redimere
813 2644 882 2688 non
898 2635 993 2713 potes
1007 2623 1122 2688 vivum
1136 2671 1145 2702 ‚

81 2741 200 2811 saitem
213 2755 380 2808 mortuum
393 2735 535 2807 redime.
549 2740 740 2829 Numquam
754 2753 822 2805 tam
834 2735 940 2804 durus
953 2723 1059 2805 hostia
1069 2736 1147 2820 luit,

81 2873 120 2926 ut
131 2857 280 2950 paternis
290 2855 447 2946 lacrymis
459 2877 527 2920 non
542 2849 746 2920 flecteretur.
759 2850 878 2920 Caveto
885 2833 1148 2942 proditorem:id

82 2989 157 3054 est,
177 2995 221 3038 ne
241 2971 319 3064 quis
333 2959 450 3038 insciis
466 2967 661 3037 custodrltus
678 2983 792 3049 exeat,
814 2991 857 3035 ne
875 2970 951 3060 quis
968 2967 1154 3060 'ignorante'

83 3083 259 3182 republica
267 3084 313 3154 ad
324 3079 437 3154 hostes
454 3083 629 3178 perveniat
637 3134 648 3167 ‚
666 3086 799 3178 nequis
816 3108 854 3150 ex
868 3065 1017 3152 hostium
1033 3085 1149 3151 castris

83 3204 197 3295 gravis
208 3225 291 3272 auro
305 3215 507 3269 revertatur.
522 3197 655 3267 Indicio
668 3196 755 3266 nihil
769 3195 875 3263 deest.
891 3187 943 3265 De
958 3195 1150 3290 proditione

82 3315 182 3388 robis
198 3315 281 3388 dicit
297 3318 481 3409 imperator
500 3342 509 3380 ι
530 3311 573 3380 de
591 3309 788 3406 proditore,
809 3311 923 3402 legati.
945 3289 1082 3380 Sublata
1101 3328 1151 3380 est

84 3436 235 3528 questio.
256 3433 416 3525 Quaeritis
435 3420 535 3524 quem
553 3427 662 3496 dixit?
681 3426 790 3494 videte
808 3429 863 3494 cui
879 3423 966 3494 nihil
982 3425 1118 3496 dixerit.

132 3596 245 3668 P-Atts
263 3595 453 3666 ALTERA.
482 3597 522 3664 In
546 3596 693 3663 comitiis
712 3593 784 3662 lilio
802 3615 879 3662 meo
898 3593 996 3660 cessit
1019 3595 1151 3661 Decre-

82 3733 154 3784 tum
172 3731 242 3783 non
258 3713 449 3803 exspectavi
469 3737 478 3776 t
497 3709 688 3780 sedam
701 3710 913 3776 etvattunitns
924 3707 1151 3800 psotimsou-

83 3827 192 3896 curri.
209 3823 264 3894 ld
275 3843 438 3896 summam
450 3825 618 3910 destinari,
634 3847 697 3894 noc
707 3824 857 3892 occurri.
870 3821 1028 3891 ¹Sciebutn
1038 3821 1153 3888 hostes

86 3955 219 4036 patrum
235 3940 393 4034 lacrymis
411 3963 497 4034 saepe
513 3939 616 4008 flecti.

135 4105 302 4176 exulto.
334 4110 443 4174 Ll'ruo
466 4129 536 4175 non
559 4103 690 4176 curavit
718 4103 852 4191 dicere,
884 4098 1008 4170 nullom
1035 4095 1156 4201 luctatu

166 4227 194 4287 l.
210 4227 325 4288 Senecoe
338 4249 408 4307 pars
420 4228 553 4288 sewndo.
1023 4224 1061 4302 37
