2878 4816
249 487 683 556 CONTROVERSIARUM
704 493 785 558 LIB.
811 490 866 574 11,
898 515 947 557 11.
1070 493 1134 582 195

1 617 2 622 ’
73 617 269 710 potestatis¹.
286 615 382 706 Quid
399 639 480 707 ergo
497 615 644 682 facturus
658 619 713 685 es?
729 642 797 686 non
811 617 1042 711 pronuntiabo
1055 636 1133 700 aute

73 755 271 824 supremum.
297 728 394 820 Quid
418 731 467 798 sie
492 732 649 816 miraris,
670 732 698 798 si
718 731 813 800 illum
835 735 937 802 citius
964 737 1134 802 exorasti?

69 849 214 917 Facilius
235 862 288 917 est
304 847 463 938 iujuriam
481 846 627 928 donare,
647 872 748 939 quam
765 852 905 919 crimen.
923 849 1078 943 Agedum
1095 854 1132 922 in

69 962 236 1048 medium,
254 986 379 1047 senex,
401 963 498 1054 cujus
513 963 742 1032 misericordia
762 965 909 1033 crudelis
927 989 1000 1034 sum
1027 992 1035 1034 ε
1063 991 1133 1035 non

67 1078 193 1169 putasti
213 1101 345 1145 mecum
365 1074 620 1144 deliberandum
637 1080 651 1145 l
667 1079 766 1160 Unde
786 1096 896 1148 autem
914 1082 1007 1167 scis,
1034 1097 1133 1174 quem
1173 1075 1176 1082 ’

69 1191 172 1262 filium
189 1191 333 1261 babeam
348 1193 363 1260 Ρ
379 1215 444 1285 ego
463 1208 553 1259 certe
578 1191 844 1295 adbuclstiescio,
875 1196 1010 1287 qualem
1028 1198 1133 1265 liliam

68 1306 205 1378 babeas.
232 1308 369 1376 Nullum
394 1323 526 1400 tempus
551 1310 611 1375 uni
635 1309 740 1404 rebbo
757 1325 935 1402 angustum
954 1327 1016 1379 est.
1034 1314 1131 1395 Jam,

68 1423 204 1516 inquit,
223 1439 405 1516 augustum
425 1439 558 1516 tempus
569 1407 647 1490 εεέὶ
662 1437 695 1490 et
710 1423 772 1491 tibi
786 1441 882 1492 vacat
897 1449 1056 1496 accusare
1072 1431 1087 1495 i

110 1543 203 1609 an
221 1543 322 1608 Ruri.
350 1541 439 1631 Quis
460 1543 608 1634 unquam
633 1557 757 1633 praeter
770 1565 823 1609 me
838 1543 1013 1635 ignoscere
1022 1546 1137 1637 jussus

69 1658 143 1724 est?
158 1659 261 1739 Jam,
292 1656 401 1749 inquit
410 1703 423 1736 ,
449 1672 579 1748 tempus
601 1672 780 1748 angustum
800 1672 861 1724 est.
883 1658 933 1724 Ita
952 1681 1021 1725 non
1041 1677 1140 1752 putas

69 1794 119 1838 me
145 1768 340 1840 subducere
366 1785 527 1862 quantum
544 1773 718 1863 supersit?
732 1773 804 1840 Jam
821 1821 832 1856 ,
851 1775 986 1865 iuquit,
1006 1790 1138 1868 tempus
1164 1841 1165 1844 ,

68 1903 246 1979 angustum
267 1900 341 1979 est.¹
354 1885 542 1980 Augustum
565 1901 660 1969 erat,
683 1888 711 1954 si
734 1883 819 1954 duos
837 1909 958 1980 rogare
982 1886 1137 1957 deberes.

69 2001 256 2095 Angustum
283 2017 416 2094 tempus
442 2017 520 2086 est,
549 2001 736 2071 exclamat:
754 2004 868 2070 nescio
899 2001 982 2094 quid
1005 2028 1135 2096 rogem.

69 2115 159 2208 Roga
179 2137 281 2208 ergo.
302 2116 359 2182 Me
384 2116 531 2207 priorem
551 2137 674 2206 rogare
688 2113 834 2182 debuisti
854 2141 861 2180 :
879 2137 946 2182 nou
963 2113 1040 2184 dico
1058 2118 1138 2209 quia

68 2228 204 2322 dignior
223 2253 318 2313 sum,
336 2231 395 2323 qui
411 2231 506 2322 prius
519 2253 622 2322 roger
644 2257 651 2294 :
668 2232 748 2321 quia
766 2245 863 2322 pater
879 2246 956 2299 tuus
971 2256 979 2298 :
996 2230 1032 2298 id
1045 2230 1137 2324 quod

69 2346 245 2414 minimum
259 2360 333 2428 est,
350 2346 489 2439 propius
505 2345 635 2412 habito.
651 2348 725 2414 Huc
739 2344 899 2413 videlicet
912 2344 971 2414 illa
986 2369 1065 2438 para
1079 2346 1131 2413 le·

69 2463 120 2552 gis
135 2460 351 2554 pertinebat,
372 2477 409 2533 ut
426 2473 521 2530 suum
542 2477 671 2556 patrem
687 2478 812 2529 exoret.
827 2465 959 2529 Patrem
975 2479 1072 2530 uatus
1086 2465 1135 2530 sie
1214 2543 1216 2548 ,

68 2577 190 2670 aliquis
204 2593 334 2663 exorat,
348 2578 398 2644 sic
414 2577 618 2670 deprecatur
635 2605 643 2643 :
659 2557 810 2670 Apparet
823 2601 928 2660 nunc,
945 2593 978 2644 te
988 2575 1138 2670 primum·

68 2717 201 2788 rogare.
227 2695 376 2762 Demens
390 2716 461 2760 sum
483 2721 490 2775 3
508 2695 608 2760 immo
636 2694 664 2760 si
688 2693 739 2759 vis
761 2707 1019 2784 argumentum,
1047 2691 1133 2759 dabo

69 2808 152 2894 tibi3
184 2807 277 2876 filius
306 2832 398 2875 meus
425 2809 609 2876 moriturus
624 2824 697 2894 est,
718 2808 867 2877 noudum
893 2821 1130 2876 testamentum

69 2925 204 2992 mutavi.

115 3042 278 3108 Coruum
293 3043 442 3107 Hrsntm.
460 3039 557 3107 Multi
576 3065 628 3108 me
641 3041 780 3110 affectus
793 3037 958 3108 diducunt
973 3064 980 3104 :
997 3062 1133 3107 necesse

69 3169 116 3222 ost
128 3152 172 3222 de
185 3153 263 3222 aliis
280 3177 417 3246 querar,
438 3153 481 3222 de
494 3152 568 3221 aliis
581 3154 776 3224 erubescam
790 3205 801 3238 ,
822 3154 865 3221 de
879 3154 958 3221 aliis‘
970 3154 1104 3222 timeam
1118 3180 1143 3232 ,⁴
1222 3210 1224 3220 ,

69 3271 110 3339 de
122 3271 282 3340 omnibus
298 3271 480 3338 etiamnum
492 3269 691 3339 deliberem.
706 3273 757 3340 Ne
771 3270 829 3338 illc
843 3268 994 3362 quidem,
1011 3295 1131 3363 quam-

69 3391 116 3458 vis
139 3387 275 3458 dicutur
302 3389 402 3455 nimis
429 3387 629 3470 exorabilis,
659 3388 863 3480 ignovisset,
885 3388 913 3454 si
935 3388 982 3455 sic
999 3405 1133 3481 rogatus

70 3521 166 3574 esset.

112 3666 226 3736 PARS
252 3664 447 3734 ALTERA.
471 3667 610 3733 Annum
623 3667 721 3734 Fusci
735 3687 855 3733 rtru1s.
873 3669 930 3734 Me
944 3667 1103 3736 miserum
1119 3717 1130 3752 ,

70 3778 181 3874 pater!
205 3782 264 3849 irae
279 3797 346 3848 tuae
359 3781 545 3849 detractum
562 3780 736 3867 estnihil,
754 3798 788 3849 et
805 3784 946 3875 tempori
965 3782 1105 3850 multum
1120 3811 1130 3867 ς

70 3991 190 4057 riut‚lib.
203 3989 289 4058 ml,
302 3990 366 4055 Dio,
375 3990 476 4043 Tacitus
486 4004 509 4043 et
521 3993 578 4044 Ser·
626 3994 735 4046 testatis.
756 3993 812 4046 ldae
825 3993 892 4046 euim
906 4005 928 4044 te
944 4004 1039 4046 rectum
1056 3989 1134 4042 babai
1232 4049 1236 4058 ,

71 4069 122 4122 vius
132 4071 158 4123 in
168 4068 320 4144 Virgilium.
331 4068 433 4122 Deinde
443 4081 577 4122 veteranos
627 4072 659 4124 ad
672 4071 805 4144 ingenium
816 4072 920 4125 bonum.
930 4073 969 4123 Tu
982 4082 1067 4121 autem
1076 4083 1134 4122 met

72 4145 578 4222 eosuppellabaut,auetoreSuida.Scbott.
627 4148 743 4200 salutaria
756 4147 882 4222 neglectui
891 4157 1011 4220 precepta
1022 4143 1133 4210 babent,
1250 4192 1253 4206 ,

105 4244 124 4276 ι.
142 4228 245 4282 Alienoe
261 4229 353 4294 culpa
362 4263 370 4290 ,
387 4243 438 4276 non
454 4243 518 4276 meoe
531 4244 579 4293 po·
628 4223 661 4278 ita
676 4225 780 4298 peccasti
794 4225 912 4295 graviter.
926 4223 1024 4278 Schera
