2874 4796
285 431 352 518 sao
612 429 659 496 u.
686 425 831 495 sunni
855 424 1036 494 sannen

285 589 1356 624 m

516 649 944 806 nnonlua'sio
982 715 1120 805 vui.

684 907 765 958 TER
792 907 956 958 ronnts.

476 1054 552 1118 Lux.
567 1057 625 1132 Qui
638 1069 682 1118 ter
695 1055 806 1116 lortiter
820 1053 940 1131 lecerit,
957 1056 1061 1118 militia
1075 1073 1166 1120 vacet.

285 1189 401 1252 Tanai.
424 1185 481 1248 Ter
495 1184 700 1270 paorfonem
721 1187 751 1246 tn
766 1189 846 1257 acie,
871 1197 971 1268 quam
990 1190 1124 1251 mimum
1144 1192 1227 1252 aim
1249 1195 1358 1264 ιιιῡκι,

681 1285 819 1344 nolanum
833 1283 1003 1396 abdicatam

648 1423 701 1492 (llx
712 1421 831 1474 Gontrov.
849 1422 942 1486 8,1ib.
959 1425 997 1493 l.)
1101 1458 1104 1464 ι

336 1551 646 1626 DECLAMATIO.
659 1549 766 1645 Quod
779 1554 898 1646 patriae
911 1574 1086 1650 superest,
1103 1559 1195 1653 patri
1209 1559 1357 1631 vindico.

288 1674 321 1742 Ο
338 1653 413 1752 nse¹
435 1670 509 1739 filio
527 1683 702 1764 pugnante
729 1666 872 1738 lassum!
896 1669 971 1741 lam
994 1697 1058 1768 pro
1085 1691 1119 1744 te
1141 1676 1261 1746 nescio
1283 1675 1362 1770 quid

289 1787 390 1854 etiam
408 1783 461 1852 lex
480 1783 588 1851 timet.
611 1783 767 1870 Miraris,
783 1785 813 1853 si
827 1784 920 1876 quod
933 1785 1001 1882 legi
1016 1790 1097 1859 satis
1110 1806 1178 1870 est,
1198 1794 1292 1886 patri
1308 1793 1363 1860 ni-

289 1903 359 1982 mis
372 1902 447 1970 est?
462 1901 571 1969 Causa
590 1899 676 1967 mihi
694 1897 877 1968 abdicandi
896 1916 965 1986 est,
989 1928 1034 1972 ne
1055 1906 1130 1974 sine
1148 1905 1222 1976 filio
1239 1909 1361 1977 vivam.

289 2013 468 2085 Abdicatio
490 2036 565 2082 mea
588 2013 624 2080 in
651 2027 817 2107 potestate
838 2012 986 2085 abdicati
1006 2034 1070 2086 est.
1090 2019 1274 2114 Optimus¹
1292 2024 1365 2091 vir-

289 2135 372 2202 tutis
390 2131 470 2200 finis
487 2147 556 2216 est,
574 2146 758 2223 antequam
773 2130 930 2219 delicias,
950 2133 1120 2208 desinere.
1140 2139 1213 2208 Lex
1229 2164 1364 2234 quoqne

291 2266 344 2320 ter
359 2249 434 2318 siro
454 2246 534 2317 lorti
553 2269 625 2338 non
643 2243 793 2330 diffidit,
814 2261 873 2315 aut
889 2248 1048 2318 consulit.

339 2389 451 2462 PARS
470 2387 660 2458 ALTERA.
681 2388 782 2457 Certe
797 2388 963 2460 abdicatis
977 2415 1130 2486 pugnare
1144 2393 1240 2462 licet.
1258 2395 1365 2466 Pudet

169 2534 178 2542 ·
291 2532 364 2594 me,
379 2523 433 2576 ter
443 2508 527 2576 vieti
539 2506 700 2574 militant.
714 2506 858 2574 Senator
868 2523 944 2602 post
958 2511 1200 2602 sexagesimum
1213 2528 1249 2580 et
1262 2514 1364 2604 quin-

289 2637 362 2691 tum
378 2643 506 2690 annum
531 2621 566 2687 in
590 2621 720 2688 curiam
740 2619 859 2688 venire
880 2644 949 2690 non
968 2624 1114 2716 cogitur,
1133 2646 1199 2692 nee
1214 2621 1363 2694 velatur.

291 2735 475 2833 Quidquid
500 2736 640 2806 honoris
667 2736 805 2804 nomine
832 2733 951 2823 datur,
971 2740 1009 2806 in
1033 2753 1367 2834 utramquepartem

290 2855 384 2924 lieet.
403 2852 567 2945 Alioquin
587 2851 714 2920 desinit
731 2853 908 2944 praemium
925 2876 1011 2936 esse,
1031 2854 1087 2922 cui
1104 2858 1291 2926 necessitas
1308 2859 1367 2927 in-

288 2963 485 3065 jungitur⁵.
516 2969 634 3037 Otium
661 2969 808 3061 imperas
825 2970 939 3038 animo
958 2993 1027 3038 non
1042 2971 1163 3040 otioso.
1182 2972 1366 3042 Tumultus

291 3099 426 3156 exortus
444 3099 507 3153 est.
528 3085 569 3152 ln
588 3106 642 3152 me
660 3085 810 3152 omnium
833 3085 960 3155 civium
983 3086 1180 3182 diriguntur
1199 3090 1290 3159 oculi
1307 3107 1367 3160 :et

290 3203 423 3289 adhuc,
443 3225 562 3272 verum
582 3199 766 3271 dicendum
791 3219 863 3286 est,
893 3205 982 3274 nihil
1006 3207 1091 3275 mihi
1114 3209 1225 3301 patria
1247 3205 1362 3278 debet.

289 3323 473 3414 Nunquam
502 3320 653 3414 pugnavi
665 3369 677 3404 ,
707 3319 774 3388 nisi
804 3337 952 3392 coaetus.
984 3321 1109 3394 Adhuc
1141 3324 1263 3394 militia
1292 3351 1365 3396 mea

289 3437 376 3530 legis
399 3459 521 3505 munus
544 3453 607 3505 est.
637 3434 862 3504 Athenienses
889 3435 1047 3509 abdioato
1076 3442 1235 3512 vicerunt
1262 3441 1361 3512 duee.

289 3553 465 3648 Quantum
484 3549 643 3622 interestl
664 3551 726 3622 llle
743 3551 991 3624 abdioutionem
1006 3558 1134 3628 virtute
1146 3557 1290 3644 delevit,
1300 3583 1364 3654 ego

289 3693 413 3740 menn.

323 3835 346 3868 ι.
354 3815 476 3869 rtatim.
487 3812 571 3868 Ome.
581 3811 659 3865 Fron.
669 3813 800 3885 interpnn·
883 3812 908 3866 ³.
920 3815 1081 3884 lanuginis.
1094 3817 1133 3869 lta
1146 3817 1199 3871 dno
1216 3819 1283 3874 libb.
1300 3821 1364 3894 apud

307 3895 327 3947 't
338 3911 345 3947 ε
356 3895 460 3947 vindico
471 3906 565 3955 emm
583 3901 608 3942 et
625 3909 684 3943 mox
699 3893 798 3952 loaeum
847 3890 999 3956 Solutum,
1014 3893 1059 3962 qui
1076 3893 1198 3948 omittant
1216 3912 1363 3969 ιαμιιιιιι

311 3971 364 4024 rob.
377 3989 422 4044 pro
434 3971 546 4022 lusum.
560 3965 657 4020 &lott-
847 3967 983 4037 periodum
993 3969 1026 4022 ad
1038 3972 1167 4046 superiora
1175 3975 1365 4046 μιῑὶιιιιιιειιι

321 4067 344 4099 2.
360 4048 492 4115 Optimus.
505 4043 559 4098 Alii
570 4047 683 4113 optirnoe·
848 4045 893 4098 alii
905 4049 1055 4116 imitor,

754 4227 889 4250 ⁸*—
