2874 4768
315 417 381 498 554
639 417 686 482 Μ.
712 411 856 482 Anna]
879 415 1055 482 sennem

312 543 434 612 bonam
448 545 521 636 ejus
535 567 666 612 causam
680 559 778 634 putas
792 541 907 622 luisse,
924 565 1000 632 quae
1016 566 1059 609 ne
1074 558 1106 610 re
1120 543 1256 635 quidem
1270 545 1376 613 advo·

311 673 384 726 esto
398 639 552 724 damnata
565 656 633 723 est?
646 656 681 724 si
698 671 729 722 te
740 653 878 722 haerede
890 679 1023 747 possum
1037 659 1138 740 mori,
1151 658 1274 752 dignus
1284 683 1374 740 snm,

310 775 368 864 qni
383 775 483 840 etiam
496 772 560 841 tibi
572 771 664 839 hune
674 792 806 840 servum
821 771 1024 865 relinquam.
1040 773 1109 840 Alii
1126 775 1218 846 exsul
1232 792 1294 858 est,
1311 776 1370 842 tibi

282 919 284 926 v
308 893 404 979 pater
418 905 480 957 est.
496 887 596 954 Nulla
614 886 667 953 lex
687 885 795 954 scelus
815 887 970 980 imperat.
988 889 1089 964 Certe
1109 913 1183 980 qnae
1198 889 1297 974 lecit,
1312 890 1372 957 ab·

309 1001 417 1069 soluts
431 1018 493 1070 est.
510 1006 577 1069 Lex
593 1017 787 1084 eumenes,
805 1004 863 1092 qui
873 1002 972 1093 juvat
984 1003 1146 1085 exsulem,
1161 1029 1232 1072 non
1241 1007 1302 1097 qui
1316 1029 1371 1097 ps·

308 1117 544 1212 tiaturjnvari.
560 1115 704 1208 Ignem,
720 1103 915 1198 dissimula,
933 1117 986 1184 lex
997 1133 1037 1184 ¹te
1051 1119 1262 1198 innocentem
1276 1143 1370 1203 esse,

307 1257 374 1300 nnn
396 1235 582 1300 curiosum¹
605 1233 714 1324 jubet.
733 1233 767 1300 si
784 1256 856 1300 mea
870 1257 969 1301 causa
991 1233 1157 1319 faciebas,
1184 1260 1237 1303 me
1257 1235 1369 1304 admn-

307 1352 436 1430 nnisses
452 1376 460 1416 :
476 1373 608 1418 servum
624 1347 874 1442 prohibuisses,
890 1373 957 1416 nnn
970 1348 1161 1418 cecidisses.
1251 1421 1255 1428 ,

235 1571 237 1576 ·
355 1533 466 1602 PARS
487 1521 676 1602 ALTERA.
701 1535 848 1625 Faeere²
870 1532 1248 1626 legeprohibentennn
1260 1536 1361 1626 notui.

306 1657 469 1727 Aenusata
486 1671 520 1724 et
532 1653 683 1723 absoluta
703 1669 753 1726 est
770 1679 776 1718 ε
792 1655 872 1744 quia
893 1654 1089 1726 muliercula
1107 1677 1176 1723 non
1189 1655 1368 1726 ,videbatur

301 1795 403 1841 ‘nosse
420 1771 522 1861 leges.
541 1773 617 1848 Nan
630 1791 694 1862 pro
711 1793 763 1837 me
782 1771 893 1866 timui,
914 1769 974 1838 sed
990 1789 1053 1863 pro
1067 1787 1117 1838 se.
1139 1773 1209 1838 Res
1226 1773 1264 1838 in
1276 1774 1365 1840 noti-

306 1887 387 1951 tiam
394 1882 569 1950 h'ominum
578 1898 725 1948 venerat.
739 1882 936 1974 Captabaris
947 1911 955 1950 :
966 1885 1083 1968 timui,
1095 1904 1138 1950 ne
1151 1865 1362 1953 oecidere'n's.

307 2001 366 2067 Vis
392 2000 478 2100 scire
501 2012 616 2064 notum
640 1997 766 2066 fuisse?
791 1999 892 2068 Soror
912 2015 1066 2066 accusata
1087 2013 1149 2082 est.
1166 1999 1274 2071 Malui
1294 2023 1365 2068 ser-

305 2139 382 2184 vum
396 2114 523 2206 caedere
536 2113 815 2207 frugalissimum,
833 2139 933 2206 qnam
945 2131 1077 2208 patrem
1091 2118 1257 2209 optimum
1267 2118 1362 2185 amit·

307 2247 393 2298 tere.

307 2448 419 2516 ceperat,
428 2441 541 2495 absoluta
551 2454 596 2506 est,
606 2442 682 2494 simul
693 2456 717 2493 re
727 2455 812 2494 snum·
860 2444 979 2516 quirendi
991 2464 1049 2518 rura
1060 2464 1066 2498 ι
1077 2446 1123 2514 qui
1134 2445 1258 2502 delatoria
1267 2446 1362 2500 ennosi-

305 2541 355 2592 qne
368 2521 460 2574 lartum
475 2521 546 2574 tacite
561 2521 755 2586 condemnavit,
766 2522 811 2592 qni
861 2534 908 2574 rste
917 2561 924 2586 ‚
947 2521 1009 2592 quid
1027 2521 1117 2595 agatur
1133 2522 1257 2598 indagare
1275 2524 1362 2578 debas

304 2617 346 2660 me
357 2598 493 2666 expuleras.
506 2596 616 2650 Gromv.
627 2605 629 2610 '
860 2597 1011 2654 Tales'enim
1022 2601 1115 2654 curiosi
1122 2615 1190 2655 sunt.
1200 2603 1362 2657 Tertullinus

341 2696 362 2726 1.
379 2676 439 2728 Non
451 2677 587 2727 curiosum.
598 2675 646 2728 Cui
656 2677 685 2728 sil
698 2676 810 2749 imposita
861 2679 891 2732 de
903 2679 962 2752 iuga
978 2678 1004 2732 in
1019 2679 1199 2752 perseeutione.
1211 2683 1247 2736 N.
1261 2679 1348 2732 Faber.

306 2755 400 2824 siquid
413 2755 439 2806 in
450 2755 516 2826 leges
529 2755 688 2808 commissum
705 2757 752 2820 sit,
770 2759 810 2808 in·
892 2757 1028 2810 2.Facm.
1039 2757 1133 2811 Tacere
1141 2757 1185 2810 lib.
1192 2778 1266 2812 unns.
1274 2757 1363 2811 SM·
