2842 4812
321 480 386 574 ηε
644 479 692 546 Μ.
719 475 864 545 Anum
887 465 1067 548 sennem

315 609 445 678 clienti.
463 605 632 700 Popilium
646 605 771 698 aliquis
784 621 900 690 vocet,
919 623 958 675 ut
971 610 1072 696 sciat,
1090 627 1249 703 quantum
1264 611 1310 679 iiii
1321 609 1362 680 de

314 725 404 796 fenei
418 725 470 794 rei
483 725 691 818 profuerint.

362 846 442 914 Suo
455 845 622 910 Pomanus
633 829 702 907 hoc
715 839 828 908 colore
847 858 926 908 usus
949 857 1012 911 est.
1035 843 1308 926 Offendebatur',
1323 847 1365 912 in·

312 963 405 1055 quit,
428 959 701 1058 proscriptione,
736 971 770 1023 et
803 954 958 1046 quaedam
992 959 1134 1030 liberius
1161 960 1361 1056 loquebatur,

311 1097 381 1143 non
398 1074 515 1142 miror.
538 1071 713 1139 Ciceronis
730 1069 840 1136 cliens
853 1085 903 1136 cst
922 1097 929 1136 :
947 1087 1040 1141 tanto
1058 1076 1167 1167 magis
1184 1075 1294 1143 occide
1309 1073 1361 1142 Ci-

310 1213 469 1273 ceronem
484 1205 592 1256 tuum.
606 1189 648 1254 Et
662 1185 765 1264 dixit,
783 1208 851 1252 non
867 1209 934 1255 suae
948 1189 1156 1259 infirmitatis
1170 1193 1361 1260 sententiam:

308 1309 480 1398 Uterque,
503 1305 638 1395 inquit,
667 1302 726 1370 sed
749 1301 883 1370 diverso
904 1328 1029 1396 genere
1048 1308 1188 1399 punitus
1205 1323 1265 1376 est.
1280 1306 1362 1374 Cice·

309 1424 402 1490 renis
421 1421 625 1516 proscriptio
645 1419 730 1498 fuit,
752 1417 887 1486 occidi:
905 1443 996 1506 mea,
1020 1421 1189 1494 occidere.

355 1539 563 1620 Mammas,
596 1547 786 1627 praeceptor
813 1549 947 1618 noster,
977 1537 1027 1605 sic
1051 1541 1205 1606 narravit
1225 1565 1232 1605 :
1251 1535 1357 1612 iussit,

305 1653 437 1747 inquit,
458 1655 657 1746 imperator,
673 1650 776 1740 jussit
792 1649 916 1734 victor,
929 1653 1032 1742 jussit
1046 1655 1105 1745 qui
1121 1649 1356 1746 proscribebat:

304 1793 368 1865 ego
390 1769 441 1838 illi
460 1767 790 1870 negaretquidqnam
812 1790 966 1858 possem,
994 1771 1050 1836 cni
1067 1771 1157 1838 nihii
1173 1793 1292 1864 negare
1307 1791 1359 1860 po-

302 1903 389 1956 terat
407 1885 648 1979 respublica²i
805 1955 809 1960 ,

353 2007 516 2094 Beannus.
532 2003 618 2082 Hoc,
636 2001 760 2090 inquit,
780 1999 868 2083 ioco,
884 2000 978 2067 volui
994 2003 1047 2068 m'c
1060 1995 1240 2072 excusare³
1257 2027 1264 2068 :
1279 1997 1354 2080 dixi,

302 2123 423 2190 Cicero
449 2141 503 2184 me
525 2115 703 2216 defendit,
725 2115 901 2208 respondit
916 2119 1051 2203 ,θεῖος
1078 2143 1131 2187 me
1152 2113 1320 2188 accusavit.
1342 2117 1355 2182 l

255 2281 256 2284 =
304 2259 409 2330 ergo,
428 2234 570 2300 utscias
585 2212 666 2325 'pius
685 2229 749 2298 sihi
768 2229 910 2300 Antonii
928 2235 1178 2304 accusationem
1194 2235 1353 2314 nocuisse,

304 2375 406 2446 quam
422 2347 548 2442 Popilii
567 2345 800 2443 defensionem
814 2349 995 2440 profuisse.

272 2539 279 2551 ,
349 2471 458 2536 Burno
476 2463 542 2532 hoc
555 2463 667 2531 colore
685 2489 693 2530 ε
708 2465 871 2548 Vocetur,
888 2467 1020 2560 inquit,
1038 2468 1097 2537 iiie
1112 2470 1352 2548 Ciceronianus,

301 2583 359 2651 iiie
376 2581 501 2662 eliens,
523 2582 663 2647 amicus.
684 2580 897 2671 Excogitavi,
918 2584 1087 2675 quomodo
1104 2585 1225 2654 Cicero
1240 2610 1293 2654 sua
1305 2605 1354 2676 pe·

300 2698 512 2768 riretmanu.

315 2813 320 2827 ’
348 2815 485 2884 Casurus
497 2811 563 2878 hoc
577 2805 690 2877 colore
706 2835 713 2875 :
727 2809 936 2896 Duriseima,
954 2815 1085 2906 inquit,
1101 2815 1188 2884 mihi
1203 2815 1312 2884 militia
1324 2815 1353 2878 in

296 2928 436 2996 Antonii
453 2925 571 2992 castris
590 2923 653 2989 fuit
673 2921 716 2989 ob
737 2923 804 2992 hoc
825 2927 953 3018 ipsum,
976 2928 1069 3019 quod
1088 2931 1263 2998 Ciceronis
1274 2949 1352 2994 eram
1379 3005 1381 3019 ,

299 3042 406 3112 cliens
427 3065 437 3108 ·.
457 3039 668 3108 difficillime
697 3037 780 3107 mihi
812 3043 1043 3136 expeditiones
1069 3043 1249 3114 dabantur.
1268 3043 1352 3112 Tunc

300 3179 435 3252 quoque
451 3137 590 3224 vocatus
609 3176 682 3224 sum
699 3158 795 3248 quasi
813 3156 857 3225 ad
875 3183 1021 3252 poenam.
1041 3161 1079 3243 Ι,
1101 3161 1233 3253 iuquit,
1250 3153 1351 3227 occide

299 3275 499 3343 Ciceronem
517 3296 524 3336 :
540 3271 611 3339 Nec
632 3269 791 3357 credam,
818 3253 951 3366 inquit,
969 3275 1033 3344 nisi
1050 3275 1204 3345 attuleris
1218 3269 1348 3366 ‘capum

332 3486 354 3521 ι.
367 3467 569 3542 Offendebatur,
587 3469 683 3536 inquit,
695 3471 806 3536 proscri-
856 3467 910 3520 «Et
924 3470 993 3522 enim
1006 3469 1053 3542 ipsi
1065 3469 1112 3522 Dii
1124 3491 1218 3544 negare
1238 3468 1276 3524 cui
1297 3461 1351 3518 nihil

294 3549 388 3616 ptione.
398 3545 481 3598 Verba
492 3555 552 3596 sunt
565 3543 687 3605 Antonii,
703 3542 748 3612 qui
759 3538 805 3595 ob·
854 3559 1007 3618 potnerunt,
1024 3547 1164 3602 Hominem
1182 3569 1222 3601 rne
1240 3550 1350 3618 denegare

295 3633 440 3678 servaverat
454 3621 523 3696 ipse,
539 3629 582 3674 ent
594 3639 623 3673 er
634 3621 690 3674 aiiis
702 3619 805 3674 didice-
854 3626 912 3697 qnis
926 3640 1010 3698 posset
1022 3625 1114 3700 petiis
1129 3629 1164 3682 N.
1174 3626 1270 3682 Faber.

295 3713 348 3768 rat,
360 3701 430 3772 qnod
440 3700 499 3752 setis
510 3699 589 3752 libere
600 3713 626 3752 et
636 3699 731 3753 duriter
742 3699 804 3770 opi·
887 3703 910 3758 3.
917 3705 985 3770 Hoc,
998 3711 1092 3777 inquit,
1103 3712 1157 3762 loeo
1165 3711 1216 3762 eol.
1226 3725 1265 3760 me
1272 3719 1350 3758 eem-

296 3792 398 3834 naretur
409 3777 532 3852 Popilius.
543 3779 605 3832 Mox
613 3797 692 3849 quum
702 3775 742 3830 iiii
755 3798 804 3830 ve·
853 3783 941 3852 anm
948 3803 1039 3856 nempe
1046 3799 1100 3858 post
1106 3786 1227 3857 atia,que
1236 3779 1349 3857 premisit,

294 3863 361 3917 niret
378 3862 405 3915 in
423 3874 552 3923 mentem,
569 3880 584 3912 e
601 3860 741 3923 Cicerone,
759 3858 803 3929 qui
852 3863 1013 3935 interponere
1036 3864 1111 3938 eoepit
1129 3865 1304 3924 mentionem,
1323 3859 1349 3911 dt

295 3961 362 3994 nune
375 3941 441 3992 inter
452 3937 616 4011 proscriptos,
630 3935 697 3988 hunc
708 3935 804 3988 desen·
853 3939 993 3994 oecidendo
1002 3961 1045 4014 per
1055 3963 1095 3994 me
1103 3943 1232 3998 Cicerone.
1244 3939 1336 3996 sende.

294 4039 350 4072 eum
361 4016 506 4090 Popilium:
517 4015 598 4068 «Non
608 4014 695 4080 miror,
706 4011 803 4082 inquit,
885 4019 909 4083 4.
921 4017 984 4071 Nise'
993 4021 1113 4074 attuleris
1124 4031 1210 4092 caput.
1220 4021 1299 4074 Nemo
1309 4035 1348 4068 ne·

296 4093 426 4150 Ciceronis
438 4093 516 4148 cliens
527 4105 562 4148 est
571 4129 579 4159 ,
587 4115 601 4142 n
613 4103 661 4146 etc·
674 4091 779 4146 Schult-
850 4097 897 4150 seit
908 4099 1049 4153 Antonium
1059 4101 1157 4174 jussisse
1168 4113 1197 4154 ut
1207 4111 1276 4174 capnt
1285 4095 1347 4149 Cice·

327 4190 351 4222 a.
372 4173 420 4226 Cui
435 4172 503 4225 nihii
519 4190 612 4241 negare
624 4181 727 4240 poterat
746 4189 802 4225 res·
848 4175 920 4232 ronis
933 4189 957 4229 et
967 4197 1058 4234 menne
1078 4191 1181 4252 utreque
1191 4176 1288 4252 precise
1307 4168 1345 4228 siti

289 4249 413 4320 publiea?
423 4247 542 4303 laberius
551 4249 617 4323 apud
625 4249 799 4305 macrobium:
848 4253 1009 4309 efferrentur.
