2894 4784
320 462 387 532 656
410 531 413 536 Δ
645 453 693 520 M.
718 449 864 517 ANNAEI
888 443 1068 514 SENECAE

320 563 432 656 cenati
449 586 629 676 imputaret
642 583 667 646 ¹.
688 577 831 645 Totiens
845 573 937 641 enim
953 595 1015 664 pro
1029 569 1200 638 beneficio
1217 568 1405 648 narrabat,

320 708 356 772 in
378 703 492 794 aliqua
510 722 546 768 se
563 694 752 788 virgiliana
775 689 1006 782 descriptione
1027 686 1197 779 placuisse
1216 712 1224 752 ι
1242 686 1355 754 sicuti
1372 684 1405 751 in

320 818 387 886 hac
403 818 475 908 ipsa
493 810 642 882 suasoria
659 807 745 876 dixit
762 832 770 872 ε
787 805 859 873 Cur
873 805 937 871 iste
950 802 1041 868 inter
1057 800 1152 890 ejus²
1168 799 1404 867 ministerium

320 929 471 1024 placuit?
493 949 555 993 cur
577 925 644 991 hoe
668 945 706 990 os
729 921 822 990 Deus
846 908 989 1007 elegit³i
1013 937 1076 982 cur
1099 913 1166 980 hoc
1182 913 1400 1006 potissimum

321 1046 461 1114 sortitur
476 1041 611 1136 poesis?
625 1034 718 1131 quod
735 1049 866 1103 tantum
887 1055 954 1100 non
974 1031 1077 1122 impie
1095 1029 1210 1098 aiebat
1227 1051 1266 1096 se
1287 1030 1401 1096 imita-

321 1179 393 1228 tum
411 1149 637 1251 Virgiliuml,
656 1153 766 1220 Plena
789 1145 892 1215 Deo?
918 1147 1011 1216 Solet
1026 1162 1138 1214 autem
1155 1146 1271 1215 Gallio
1286 1159 1398 1212 noster

321 1273 388 1342 hoc
403 1270 576 1365 aptissime
594 1287 736 1362 ponere.
754 1264 897 1332 Memini
915 1285 984 1329 una
1003 1285 1064 1330 nos
1081 1260 1126 1328 ab
1139 1260 1320 1328 auditione
1338 1260 1398 1326 Ns·

322 1415 411 1458 cums
421 1386 466 1456 ad
478 1385 655 1455 Messalam
668 1383 815 1450 venisse.
832 1380 969 1448 Nicetes
980 1402 1040 1446 suo
1053 1378 1183 1470 impetn
1190 1375 1294 1445 valde
1303 1379 1395 1445 Gre-

322 1510 372 1578 cis
389 1505 530 1601 placuit.
549 1501 734 1596 Quaerebat
749 1521 770 1566 a
786 1496 944 1566 Gallione
957 1494 1120 1579 Messala,
1140 1493 1228 1587 quid
1241 1495 1296 1563 illi
1310 1495 1392 1562 visus

322 1643 411 1695 esset
426 1622 586 1692 Nicetes?
603 1617 717 1688 Gallio
734 1615 800 1701 ait,
823 1615 934 1682 Plano
949 1615 1048 1680 Deo:
1065 1614 1226 1704 quotiens
1243 1611 1392 1680 audierat

321 1742 471 1833 aliquem
486 1738 595 1808 erbis
609 1731 911 1815 declamatoribus,
930 1754 1016 1822 quos
1029 1729 1243 1815 scholastici,
1263 1721 1391 1796 ⁵oeldos

323 1871 470 1941 vocant,
496 1851 606 1922 statim
625 1848 785 1932 dicebat,
805 1847 916 1914 Pleno
936 1847 1024 1914 Deo.
1042 1845 1120 1940 Ipse
1136 1845 1285 1914 Messala
1308 1868 1389 1913 utm-

323 1998 425 2068 quam
440 1969 542 2040 aliter
558 1992 636 2038 eum
651 1966 696 2034 ab
714 1962 863 2032 hominis
880 1961 1057 2030 auditione
1072 1963 1268 2032 venientem
1286 1963 1388 2029 inter-

325 2085 485 2179 rogabat,
506 2106 607 2174 quam
623 2095 661 2148 ut
676 2078 807 2146 diceret
824 2100 833 2142 ι
850 2074 1025 2167 Numquid
1040 2073 1150 2141 Pleno
1163 2077 1265 2143 Deo?
1281 2077 1388 2167 Itaque

323 2203 391 2270 hoc
409 2201 474 2294 ipsi
493 2215 561 2266 tam
581 2193 747 2299 familiare
765 2207 857 2275 erat,
876 2206 915 2259 ut
933 2192 1039 2260 invito
1055 2215 1194 2284 quoque
1212 2191 1385 2260 excideret.

321 2364 374 2398 non
397 2342 490 2418 legitur
513 2341 542 2394 in
561 2338 662 2412 scripto.
684 2334 756 2389 Altsr
776 2353 837 2387 vero
887 2333 937 2388 ltoc
947 2354 1023 2388 sensu
1035 2334 1158 2407 placuisse
1175 2335 1222 2389 ists
1236 2339 1310 2390 trisse
1322 2339 1387 2388 ssn'ssi·

324 2423 456 2494 quomodo
486 2419 562 2474 hodie
591 2417 619 2470 in
647 2413 753 2488 Virgilii
781 2413 838 2467 cod.
888 2417 1004 2466 sterium.
1018 2411 1116 2467 Salute

324 2494 745 2570 Sclrott.·-Georg.l‚4a7,l³a.
920 2491 1202 2546 ettotmomwse
1250 2495 1386 2550 't?0ress·

359 2600 380 2631 s.
395 2577 580 2632 Utllloecenats'
589 2578 737 2646 imputaret.
750 2569 838 2641 Expli-
887 2583 942 2622 turn
955 2589 1058 2623 suorum
1077 2569 1147 2640 loqui
1163 2569 1227 2623 deos
1240 2571 1387 2624 erediderunt

323 2667 362 2710 eat
373 2655 486 2710 Petreius
497 2691 504 2717 ,
515 2666 542 2707 ut
553 2653 573 2705 si
582 2651 685 2722 quando
694 2649 837 2721 displicuis-
889 2648 965 2702 etiam
974 2645 1096 2719 gentiles,
1109 2648 1180 2718 quod
1192 2649 1279 2702 minus
1289 2651 1385 2712 nuum,

321 2745 463 2806 set,posset
475 2731 514 2784 illi
523 2731 593 2784 velut
602 2729 750 2802 exprobrare
762 2745 837 2780 suum
886 2744 965 2797 quum
985 2724 1061 2779 etism
1081 2723 1151 2779 libris
1173 2727 1317 2802 pecudum,
1336 2729 1385 2780 ite·

321 2823 432 2884 poetam,
440 2811 469 2863 in
481 2810 552 2880 euius
565 2807 707 2860 imitatione
720 2825 773 2858 non
783 2805 836 2876 pls·
886 2805 973 2857 arium
987 2804 1073 2857 volatu
1085 2806 1236 2877 persuadere
1249 2805 1298 2858 sili
1311 2817 1385 2880 potne-

264 2921 274 2926 -
320 2891 419 2943 suisset.
437 2887 524 2941 Male:
545 2906 592 2939 nee
611 2883 753 2947 intellexit,
773 2880 836 2953 quid
885 2881 1184 2948 rint,deoslrominilsns
1192 2885 1385 2939 susmdeelsrsrs

322 2979 385 3021 esset
393 2973 531 3036 s'mpntuss.
542 2964 607 3017 Vult
617 2977 702 3018 sutem
718 2963 835 3028 Seneca,
885 2962 1051 3016 uoluntatem.
1066 2961 1171 3014 Saluis.

322 3057 351 3097 ut
372 3043 508 3098 Maecenati
532 3042 648 3094 Maronis
671 3041 778 3095 amatori
794 3059 838 3112 per
919 3041 942 3105 4.
963 3041 1104 3094 Imitatum
1127 3043 1286 3112 largitum,
1310 3043 1381 3096 tta

323 3121 377 3176 hec
386 3141 413 3174 se
423 3119 571 3174 venditaret
586 3117 740 3172 Gronovius·
887 3119 1091 3175 Deo?Versum
1110 3121 1216 3194 Virgilii
1240 3124 1268 3176 in
1292 3143 1341 3196 qus
1358 3123 1385 3176 le·

362 3219 385 3251 a.
402 3200 455 3251 Cur
471 3201 519 3251 iste
536 3203 605 3252 inter
621 3203 689 3263 eius,
704 3209 750 3250 etc.
766 3195 840 3250 Nihil
888 3211 981 3270 gantur
991 3197 1045 3253 haee
1063 3198 1155 3266 verbs,
1169 3203 1262 3254 frustra
1275 3201 1383 3271 qoniam

320 3277 396 3331 video
406 3277 433 3328 in
444 3275 665 3346 liisVirgilianusn
678 3293 685 3328 ε
699 3275 752 3348 ipsa
763 3274 840 3327 etism
889 3276 985 3348 aliquid
999 3277 1046 3330 tsle
1057 3276 1165 3331 babetur
1173 3291 1243 3332 sento
1256 3281 1383 3345 AEneidss,

320 3354 408 3430 putida
423 3352 546 3406 Latinitas
557 3364 594 3405 est
606 3369 613 3404 ε
623 3367 669 3406 nee
681 3351 750 3404 mam
761 3351 836 3404 video
885 3353 929 3408 sed
942 3374 996 3407 non
1015 3354 1046 3407 iis
1063 3354 1160 3418 serbis,
1174 3374 1224 3409 nee
1243 3369 1327 3410 tssnea
1342 3373 1384 3408 tse-

322 3453 372 3503 qus
382 3432 489 3485 liberare
498 3430 567 3484 vitiis
577 3431 737 3484 huneloeum
747 3443 772 3484 et
780 3431 838 3483 Vir·
886 3432 968 3486 rnoria
980 3431 1030 3485 labi
1044 3432 1071 3485 in
1083 3433 1168 3489 sabula
1188 3447 1244 3487 tsru
1259 3435 1348 3489 celebri
1366 3445 1386 3487 et

325 3509 453 3581 gilisnum
461 3509 544 3560 faeere
552 3507 655 3580 possim,
664 3508 714 3560 uisi
722 3525 769 3558 nos
778 3525 839 3575 pst·-
887 3509 944 3562 trita
953 3521 1037 3562 noster
1049 3522 1136 3564 suetor
1146 3513 1227 3582 potuit
1236 3531 1243 3566 :
1252 3513 1386 3586 lapsumque

324 3587 429 3642 titulum
442 3587 603 3659 interponere
616 3586 706 3652 liceat,
716 3599 839 3657 tanquam
861 3616 866 3626 =
888 3605 941 3639 non
954 3607 1006 3640 esse
1018 3587 1113 3641 indicio
1124 3600 1162 3641 est
1172 3587 1264 3644 Ovidii
1277 3609 1387 3644 versam

323 3683 465 3739 temporum
491 3664 586 3736 injuris
611 3665 773 3717 exturbatum.
800 3665 839 3717 Ita
889 3665 981 3718 Medea
994 3665 1131 3736 tragedia,
1145 3685 1222 3736 quesn
1235 3667 1385 3722 nnsmillsn

325 3746 434 3800 scribam
455 3762 463 3798 t
487 3743 541 3796 Cur
556 3747 629 3796 triste
643 3747 712 3797 inter
725 3749 841 3809 nescius
890 3742 1061 3816 composuisse
1084 3742 1264 3811 Quintilianus
1281 3757 1306 3798 et
1318 3743 1387 3798 Tesi-

327 3826 500 3878 ms'sss'sters'um
511 3821 709 3893 placuit?Virg.
717 3821 782 3874 AEn.
793 3820 839 3883 Vt,
888 3831 929 3872 tus
942 3819 1019 3875 fidem
1031 3819 1127 3874 faciunt
1138 3838 1145 3874 :
1157 3832 1181 3873 et
1188 3821 1354 3874 Tertullianus
1360 3821 1385 3873 ds

328 3923 374 3955 aas
388 3919 395 3954 ι
407 3923 421 3950 s
430 3903 491 3956 Pars
502 3899 601 3972 ingenti
615 3899 714 3952 sulsiere
724 3901 817 3953 feretro
833 3939 840 3966 ,
890 3899 1025 3972 praescript.
1034 3899 1153 3952 adversus
1162 3897 1294 3954 haesitas
1302 3921 1329 3952 ex
1338 3899 1385 3952 Vir·

326 3983 407 4036 Triste
415 3981 585 4034 ministerium
592 3977 841 4053 »sepeliendiQuod
891 3977 956 4049 gilio
967 3977 1112 4050 plenissime
1125 3978 1288 4052 expressisse,
1301 3977 1383 4032 atinde

282 4069 288 4076 “
327 4059 370 4112 hie
384 4056 495 4111 Arellius
508 4049 635 4112 tisnstulit
653 4055 685 4108 ad
698 4075 773 4120 eum,
796 4056 843 4126 qui
890 4067 1007 4130 sppsrest
1017 4055 1120 4128 Virgilii
1137 4076 1213 4129 opera
1228 4059 1260 4109 sd
1273 4075 1316 4110 nos
1330 4056 1384 4108 ints·

327 4155 401 4190 canes
418 4146 456 4188 est
468 4155 514 4190 eur
533 4133 666 4209 lplrigenia
684 4133 840 4200 immoletur,
891 4153 937 4206 prs
949 4153 1002 4188 non
1013 4137 1164 4207 perseniam.
1178 4135 1213 4190 N.
1224 4135 1319 4188 Ftsher.

330 4235 373 4288 pse
387 4232 443 4266 eam
464 4213 539 4268 etism
557 4213 750 4278 immolaturus,
768 4225 842 4286 atque
926 4217 949 4268 5.
971 4215 1077 4270 Cnidos.
1096 4213 1204 4268 Caldam
1223 4212 1303 4288 potins
1319 4225 1382 4282 qsass
