2842 4812
180 463 619 533 CONTROVERSIARUM
642 463 723 531 ΠΒ.
749 463 820 548 ΙΙΙ,
851 465 903 532 16.
1025 467 1095 536 261·

41 589 236 684 parricidium
261 590 363 676 feeit3
389 588 516 658 dimisit
541 592 578 657 in
604 605 739 682 portum
765 590 979 686 naufragum.
1001 593 1085 678 Vis,

41 721 131 798 pater,
143 706 241 790 scire,
262 721 445 774 accusator
463 707 642 774 nocentior
661 706 729 790 sit,
747 728 792 775 an
810 729 888 776 reus
899 707 930 775 Ῥ
948 709 1089 802 Conjice

2 886 5 892 .
44 821 203 890 inalteram
219 846 342 892 navem
360 839 555 891 novercam.
571 822 635 890 llla
648 821 747 890 saciat
761 837 895 908 votum,
912 839 1087 916 precetur,

44 939 65 1006 si
81 941 234 1008 neminem
260 940 478 1008 innocentem
502 939 692 1022 accusavit,
712 939 741 1006 si
758 938 954 1032 privignum
969 940 1093 1008 imme·
1113 920 1125 962 ‘

2 1099 3 1150 1
44 1069 151 1122 rentem
163 1079 230 1122 non
243 1054 425 1148 oppressit,
444 1055 481 1120 in
496 1055 694 1146 suspiratos
708 1052 849 1141 incidat,
864 1055 923 1146 qui
935 1057 1090 1123 nesciant

2 1163 3 1166 '
44 1187 135 1263 captos
150 1169 335 1240 dimittere.

79 1338 177 1407 PARS
202 1337 396 1408 ALTERA.
420 1339 533 1406 Mosa.
560 1336 734 1407 Parricida
754 1339 904 1408 neusin
923 1341 1008 1408 mari
1028 1363 1090 1409 re-

45 1470 116 1546 gnat.

80 1573 218 1640 Snutnu
233 1575 344 1642 Bassr.
364 1572 459 1664 Nega
477 1588 514 1638 tu
531 1569 737 1663 parricidam
758 1569 882 1655 fuisse,
907 1594 1008 1662 quem
1027 1571 1092 1639 scis

2 1747 3 1750 ,
44 1707 99 1753 esse
114 1687 265 1780 piratam.

79 1803 159 1870 Gtsu
180 1806 310 1872 Smrnr.
335 1801 483 1870 Facinus
506 1800 703 1893 indignum,
726 1801 898 1892 parricida
916 1801 1093 1872 damnatus

43 1933 258 2010 postponam,
286 1918 396 2010 potuit
422 1915 536 1985 dicere
554 1917 643 2010 patri
660 1939 721 1983 suo
743 1945 751 1985 ι
770 1920 917 1986 Morere.

78 2084 244 2155 utvlsto.
265 2088 378 2152 Lsrao
392 2084 428 2150 in
441 2082 502 2150 has
517 2087 717 2176 quaestiones
732 2083 849 2155 divisit
864 2113 872 2155 ι
889 2085 944 2154 An
957 2085 1094 2155 licuerit
1132 2165 1135 2173 .

2 2259 3 2292 ἒ
43 2195 101 2284 itti,
119 2198 203 2291 qnod
217 2199 365 2293 jubebat
383 2217 492 2293 pater,
512 2201 638 2272 iacere.
662 2203 738 2268 Non
756 2202 858 2289 licet,
874 2203 1004 2295 iuquit,
1022 2202 1095 2270 fra-

2 2323 3 2366 }
44 2329 108 2382 tren
122 2341 254 2388 necare.
275 2316 338 2385 ilie
357 2315 571 2386 indemnatus
586 2334 679 2404 erat3
697 2342 765 2386 non
779 2321 870 2386 enim
881 2318 1014 2412 judicio
1027 2344 1095 2412 pu-

42 2427 111 2500 hiim
126 2435 315 2520 ceciderat3
335 2434 495 2528 ignosce,
517 2433 545 2500 si
559 2433 761 2527 diligentior
777 2459 850 2502 sum
862 2439 891 2521 ²,
908 2459 1014 2528 quum
1032 2436 1093 2504 vi·

2 2571 3 2638 }
43 2544 117 2616 dcam
133 2551 311 2620 homiuem
336 2563 402 2618 tam
422 2544 712 2622 faciledamnn'ri.
729 2553 849 2619 Timeo
872 2575 917 2619 ne
944 2553 1021 2644 quis
1039 2575 1095 2622 me

43 2665 191 2752 parricidii
208 2664 381 2761 postulet3
402 2663 502 2736 facile
517 2680 588 2748 est,
606 2667 636 2732 si
650 2663 794 2734 dicenda
808 2667 853 2734 sit
867 2666 958 2734 dorni
972 2689 1091 2753 oausa3

43 2781 120 2851 otiam
136 2808 263 2856 nocens
283 2781 528 2850 absolutionem
549 2801 687 2874 sperare
704 2797 837 2874 potero.
855 2783 897 2850 In
917 2782 991 2850 foro
1008 2781 1095 2875 quid

42 2899 260 2990 respondebo?
276 2896 399 2968 Occidi
416 2897 568 2972 fratrem.
584 2897 795 2968 Parricidnm
808 2923 862 2968 nte
879 2923 1017 2993 quoque
1031 2924 1094 2969 ro-

2 3047 3 3054 *
43 3027 117 3096 tant,
137 3014 226 3108 quod
244 3037 316 3082 non
333 3011 417 3081 affui
433 3036 507 3081 reo.
527 3013 563 3082 si
577 3011 693 3100 licuit,
710 3039 755 3082 an
772 3013 946 3084 debuerit.
959 3017 1095 3086 Nocens

2 3123 3 3134 ’
44 3128 156 3214 satiate,
173 3128 236 3198 sed
249 3124 337 3196 mihi
351 3127 456 3196 irater
469 3143 540 3210 est,
557 3140 686 3196 naturae
697 3129 777 3219 jura
792 3151 887 3198 sacta
900 3143 979 3198 sunt
992 3131 1096 3198 otiam

2 3274 3 3338 3
42 3241 113 3331 apud
134 3246 273 3336 piratas.
302 3238 402 3336 Quid
433 3240 477 3310 de
503 3266 557 3310 me
572 3240 788 3336 judicaturus
811 3267 866 3327 es,
895 3243 924 3310 si
949 3243 1095 3312 fecero?

44 3369 118 3441 puto,
134 3353 320 3426 difficulter
331 3348 469 3449 postea³
484 3355 520 3422 in
535 3379 589 3422 me
602 3355 825 3448 parricidium
838 3355 968 3424 credes.
984 3358 1094 3426 Etiam

2 3495 3 3550 t
43 3469 64 3535 ti
80 3471 187 3543 debuit
207 3493 330 3568 parere
354 3473 465 3566 patri,
487 3495 531 3540 an
552 3472 798 3565 ignoscendum
818 3474 861 3541 sit
880 3473 931 3540 iiii
942 3524 957 3561 ‚
975 3475 1006 3542 si
1023 3497 1097 3542 non

2 3659 3 3712 ξ
43 3661 102 3717 ΙΙΙ
120 3668 210 3722 sirium
232 3669 408 3722 Romanorum
429 3667 481 3720 vim
502 3667 536 3720 in:
578 3667 656 3721 tionis
674 3665 753 3721 solam
771 3687 824 3721 ωε
838 3686 982 3721 novercam.
995 3668 1097 3722 Sedult.

1 3739 3 3806 ξ
44 3741 293 3800 Arintmridandam
308 3765 420 3808 curasse,
440 3745 531 3798 exct—
613 3767 636 3798 α.
646 3747 762 3818 Ignosce,
772 3747 1098 3818 sidtltgenttorsumoenff

43 3819 121 3873 mnis
135 3824 290 3886 Maniliana,
311 3836 336 3876 et
353 3843 399 3896 pro
416 3823 530 3888 Flacco,
580 3843 622 3876 sur
644 3824 1096 3896 ruittlndiligentior.1ndilt'gens

2 3957 3 3960 Ἴ
41 3890 292 3968 Phardtoinsulla,
307 3903 426 3975 Appiano
437 3901 465 3954 in
479 3901 531 3953 Mi·
580 3923 633 3956 uon
653 3903 769 3976 ignotum
796 3903 915 3957 Ciceroni
934 3917 959 3956 et
981 3901 1091 3967 Plauto,

44 3969 104 4027 litid-
114 3977 204 4033 Sciron.
582 3981 649 4054 qnod
663 4001 715 4034 non
726 3981 815 4054 probat
825 3982 958 4045 Gruterus,
969 3998 1044 4050 quem
1055 3997 1093 4031 res

69 4059 532 4121 ¹·Acaoaromomttorsit,anreus?
582 4059 705 4132 ipsasatis
719 4059 808 4130 arguit.
822 4057 921 4112 Schudt.
1125 4067 1126 4072 ’

45 4125 83 4182 di·
90 4137 209 4193 ostendere
221 4137 260 4192 iili
270 4140 441 4211 propositum,
454 4159 532 4210 quam
613 4137 641 4190 3·
657 4139 742 4201 Puto,
762 4139 905 4212 difficulter
917 4146 1025 4204 postea,
1048 4147 1093 4188 eto.

2 4241 3 4310 t
43 4223 174 4280 eructum
187 4215 293 4282 lrabeat,
311 4217 531 4275 tanssrnabdira·
582 4217 681 4272 ironice
693 4217 747 4271 htse
762 4215 829 4270 dicta
841 4215 934 4289 accipe.
946 4212 1045 4268 Sedula

2 4319 4 4394 i
