2842 4812
253 459 693 550 CONTROVE'RSIARUM
715 475 969 568 lisimas.
1080 481 1148 575 319
1220 467 1222 474 ¹

121 605 353 677 Arcas-rmus
361 605 445 674 dixit
457 632 466 673 t
479 605 597 674 Perfer
609 604 654 675 ad
667 621 820 674 senatum
833 607 989 676 mandata
1000 607 1062 676 filii
1074 612 1144 694 tui,

68 735 212 792 neeesse
226 721 354 790 esttibi
370 721 474 790 multa
489 720 630 808 dixerit3
646 720 766 812 legatis
780 744 915 812 quoquc
929 722 1043 814 aliqua
1057 748 1149 792 man·
1260 724 1283 834 ‘u

69 839 185 927 davit,
203 841 345 910 fortasse
359 837 543 931 proditoris
555 858 680 905 nomen
691 837 779 929 patri
792 836 887 904 dixit.
904 837 1023 908 Indica
1033 841 1145 909 nobis.

67 956 190 1040 Nihil,
218 956 352 1047 inquit,
381 953 467 1022 dixit
491 951 589 1021 mihi.
617 952 755 1021 Sublata
779 955 887 1020 omnis
915 957 1055 1045 quaettio
1080 973 1144 1025 est.

69 1072 243 1166 Quaeritis
262 1093 366 1160 quem
383 1068 530 1138 dixerit?
543 1067 680 1150 ridete,
701 1069 756 1136 cui
777 1068 865 1134 nihil
886 1069 1022 1139 dixerit.
1055 1124 1058 1134 .

117 1191 191 1258 Pro
213 1202 311 1280 patre
330 1186 373 1254 de
390 1187 536 1260 comitiis
551 1185 609 1252 hic
629 1182 721 1254 color
735 1185 898 1250 Laraorus
912 1185 988 1254 fuit.
1003 1190 1058 1256 Ne
1070 1192 1148 1282 quis

71 1307 184 1376 filium
208 1328 320 1372 meum
334 1305 506 1384 vinceret,
523 1303 641 1385 timuis
657 1304 773 1393 itaque
792 1300 962 1392 professus
975 1329 1046 1374 sunt
1062 1313 1086 1392 ¹,
1109 1326 1147 1376 ut

71 1424 277 1493 auctoritate
294 1445 367 1490 mea
384 1419 591 1492 deterrerem
605 1419 736 1488 futuros
747 1420 981 1510 competitores
996 1447 1005 1487 ι
1021 1421 1145 1492 deinde

73 1541 148 1634 ipse
163 1539 239 1608 filio
252 1560 327 1606 meo
342 1537 440 1604 cessi.

119 1657 289 1726 Aunrms
310 1655 376 1722 hoc
397 1653 511 1752 colore
533 1675 612 1720 usus
630 1669 693 1720 est.
718 1653 858 1735 Aiebat,
885 1657 1018 1748 inquit,
1044 1656 1142 1724 talem

72 1773 316 1866 imperatorem
342 1769 419 1836 fieri
444 1767 594 1848 debere,
623 1768 733 1860 qualis
755 1769 871 1862 Scipio
885 1771 1003 1839 fuisset
1020 1797 1028 1838 ι
1043 1771 1144 1840 talem
1214 1795 1216 1800 ’

71 1912 212 1969 senem,
232 1884 343 1980 qualis
364 1885 531 1952 Maximus
554 1883 767 1952 luitreenern
792 1885 880 1953 nihil
902 1902 1029 1955 temere
1043 1889 1147 1956 factu·

71 2025 170 2088 rum;
197 2001 376 2090 utriusque
401 1998 528 2090 populo
551 1999 683 2092 copiam
705 1999 799 2068 lecit.

120 2120 262 2188 cmms
286 2114 351 2183 hoc
372 2114 484 2182 colore
508 2137 588 2181 usus
611 2129 674 2182 est.
697 2117 864 2183 Noveram
877 2116 960 2188 vitia
975 2117 1141 2186 liliimei:

74 2233 224 2302 sciebam
251 2253 323 2298 esse
347 2253 457 2298 aerem
479 2227 750 2315 adolescentem,
765 2231 907 2313 fortem,
925 2232 983 2300 sed
996 2235 1145 2302 inconsi-

74 2347 255 2433 demtum,
278 2347 508 2417 temerarium.
524 2345 643 2436 Itaque
656 2346 740 2436 petii
752 2345 932 2438 imperium
947 2349 1143 2441 reipublicae

74 2489 176 2534 causa
200 2465 264 2532 lilii
289 2465 377 2543 mei,
397 2485 497 2553 quem
523 2460 681 2529 idoneum
702 2459 745 2526 ad
765 2477 896 2555 tantum
909 2464 1142 2534 sustinendum

74 2605 161 2651 onus
182 2605 252 2648 non
269 2578 442 2672 putabam.
547 2645 550 2652 .

121 2699 247 2766 Fuscus
262 2696 422 2764 Asamus
434 2694 533 2778 dixit,
547 2694 583 2764 in
593 2691 661 2761 hoc
673 2713 710 2760 se
722 2695 932 2786 competisse,
946 2711 985 2763 ut
997 2697 1144 2766 hostiurn

74 2812 181 2879 animi
198 2810 450 2901 frangerentur,
468 2833 571 2900 quum
584 2806 771 2890 audissent,
788 2831 888 2901 posse
897 2811 1141 2904 rempublicam

73 2927 129 2996 rel
152 2927 191 2992 in
211 2948 279 2992 una
295 2923 395 2993 domo
410 2924 496 2993 duos
512 2924 652 3015 eligere.

121 3045 228 3111 Hrsso
247 3043 407 3109 Ronanus
431 3041 632 3133 simpliciter
653 3042 783 3132 putavit
804 3040 986 3132 agendum.
1008 3045 1142 3137 inepti,
1195 3133 1198 3140 Ι

74 3157 211 3249 inquit,
230 3155 268 3222 hi
285 3155 413 3224 colores
430 3171 525 3239 sunt;
545 3170 793 3247 componantur
804 3159 1055 3247 competitores.
1072 3163 1145 3228 Hoc

75 3274 190 3366 itaque
218 3273 288 3366 egit
304 3270 439 3355 colore,
461 3286 498 3337 ut
516 3285 719 3362 quereretur
736 3270 779 3338 de
796 3274 887 3340 exitu
907 3275 1141 3362 comitiorum3
1180 3293 1185 3304 “

75 3388 345 3459 adolescentulos
365 3410 479 3455 omnes
498 3387 729 3478 conspirasse,
750 3388 846 3476 quasi
865 3385 908 3454 de
927 3391 1033 3458 aetatis
1050 3415 1140 3460 com·

76 3504 254 3595 paratione
266 3515 424 3593 ageretur
442 3527 449 3567 :
467 3499 565 3567 facile
582 3502 696 3590 itaque
712 3502 837 3567 victum
855 3524 968 3570 senem
988 3479 1057 3573 non
1071 3531 1144 3574 am-

75 3615 240 3687 bientem.
268 3619 319 3687 De
341 3640 415 3698 me,
438 3619 573 3708 inquit,
594 3618 691 3708 queri
711 3640 779 3684 non
797 3620 936 3710 potestis
956 3648 964 3690 ι
982 3613 1144 3711 clamavi,

77 3737 151 3803 Non
169 3749 222 3803 est
239 3732 335 3800 robis
352 3732 446 3801 utilis
468 3733 571 3825 hujus
595 3734 703 3800 aetatis
721 3735 920 3825 imperator.'
940 3739 1064 3806 Mansit
1078 3741 1147 3808 ita-

1 3831 2 3840 *
79 3875 144 3944 qne
155 3851 209 3920 illi
220 3864 341 3943 etpost
352 3850 485 3918 comitia
498 3847 616 3917 eadem
632 3851 842 3918 contumacia
857 3852 965 3919 :nihil
979 3855 1148 3925 referebat

78 3964 122 4033 ad
139 3982 292 4060 patrem,
319 3964 406 4033 nihil
431 3963 726 4032 communicabat:
745 3965 860 4056 itaque
883 3983 1001 4059 captus
1023 3983 1086 4036 est.
1106 3973 1148 4038 Et

79 4153 322 4230 ptulerretttrfilinst
330 4155 591 4227 nisiquetnindignis·
675 4177 696 4210 ι.
707 4155 846 4229 Professus
855 4178 923 4211 sum.
934 4157 974 4210 Ad
982 4179 1036 4212 sem
1048 4161 1149 4218 etvstt.

79 4232 556 4290 stmmsuitssissntmorssoctntt.
641 4234 1152 4304 Patere.ll,9t,ubideSsntichturnino.
1206 4309 1208 4312 Ι
1264 4265 1268 4270 ·
