2866 4814
325 469 386 557 14⁸
643 469 692 536 n.
717 467 862 536 nunni
886 469 1065 542 sunnon

321 610 387 680 diis
400 624 616 707 pectuscum.
632 610 706 677 Non
721 609 836 695 timeo,
851 596 980 705 inquit.¹
994 618 1066 686 Hoc
1079 633 1143 704 est,
1156 620 1373 689 contineam?

319 725 490 818 Objicitur
507 722 614 806 mibi,
636 721 728 814 quod
745 748 799 793 nse
813 725 905 797 filine
921 725 1043 798 oderit.

367 825 504 911 dumi
521 839 618 908 Fusci
635 841 802 936 ΝΜΟ
815 863 868 910 me
885 840 958 910 filio
970 860 1145 938 pugnante
1158 849 1227 939 jam
1246 849 1369 919 buum.

319 963 444 1051 Magno
457 956 569 1025 omina
579 969 669 1024 sunt.
685 955 779 1024 Nibil
795 956 861 1025 hoc
873 973 987 1052 putus,
1001 961 1093 1052 quod
1103 962 1170 1031 viri
1183 964 1278 1034 sontis
1287 981 1371 1060 potet

319 1074 616 1146 timetiMiserutn
634 1095 711 1160 me3
729 1074 798 1164 jam
826 1072 916 1143 hosti
940 1077 1041 1146 nimis
1067 1095 1166 1151 notus
1182 1106 1256 1152 sum
1271 1086 1368 1175 ',jtn

317 1205 451 1288 prote,
473 1188 587 1258 nescio
606 1185 711 1282 quid,
732 1190 832 1258 etiam
857 1189 911 1259 lex
928 1193 1037 1261 timet.
1057 1195 1214 1284 Miceris,
1238 1200 1267 1267 si
1289 1197 1370 1292 quod

318 1306 385 1401 legi
400 1306 480 1374 satis
490 1320 558 1386 est,
577 1303 666 1397 petri
679 1303 780 1371 nimis
793 1305 1048 1399 estiNumquid
1059 1307 1237 1394 luxuriam,
1254 1315 1365 1406 inquit,

318 1420 465 1515 objicis?
483 1444 545 1513 ego
558 1443 640 1490 veto
653 1434 687 1488 te
701 1420 801 1488 etiam
817 1423 940 1490 morari
956 1445 1057 1516 posco
1070 1423 1161 1493 intes·
1176 1425 1365 1520 voluptates.

317 1539 503 1631 Quoueque
520 1539 556 1604 in
568 1534 654 1604 duro
664 1550 849 1604 castrorum
862 1537 995 1630 jacebis
1009 1539 1167 1609 cubiculo
1179 1543 1195 1611 Ρ
1206 1566 1367 1636 quousque

315 1677 470 1724 somnum
483 1652 622 1720 classico
639 1651 801 1760 rumpes?
822 1674 998 1746 quousque
1023 1672 1185 1725 cruentus
1196 1661 1312 1728 vives?
1326 1659 1365 1726 si-

315 1791 389 1840 nsus
405 1766 532 1836 hilares
546 1787 554 1832 :
570 1763 672 1832 trium
686 1763 905 1836 victoriarum
932 1785 1008 1837 vote
1033 1770 1194 1842 solvenda
1208 1790 1295 1843 sunt.
1309 1777 1367 1842 Tot

314 1888 404 1956 acies
416 1882 622 1967 sustinuisti,
638 1897 686 1950 tot
698 1881 839 1952 vulnere
854 1910 861 1952 :
877 1908 1013 1977 possum
1028 1910 1103 1957 cum
1121 1890 1243 1982 repub.
1260 1889 1363 1983 queti3

314 2025 389 2072 seno
402 1998 595 2068 dimitteris.
611 1995 764 2068 Subinde
773 1997 874 2068 audio
889 2015 922 2069 te
933 1999 1117 2088 dicentem,
1132 1999 1225 2075 Molo
1237 2006 1364 2098 glotisn

313 2142 415 2211 quam
427 2117 542 2184 vitem.
562 2117 634 2184 Hoc
652 2138 734 2208 ergo
749 2137 802 2182 me
819 2118 1005 2203 exanimet,
1026 2118 1118 2210 quod
1132 2123 1219 2189 moni
1231 2121 1292 2190 tibi
1307 2137 1361 2190 ten

315 2233 415 2303 facile
433 2247 497 2301 eet.
515 2231 672 2322 Denique
689 2253 759 2298 uno
773 2233 911 2322 quiesce
923 2232 1029 2305 bello.

360 2353 504 2420 Ponenn
520 2349 666 2418 Sinonis.
683 2347 791 2416 caum
803 2345 983 2417 abdicandi
999 2365 1071 2438 est,
1091 2374 1135 2420 ne
1147 2353 1223 2423 eine
1236 2354 1304 2424 tilio
1318 2355 1363 2422 vi·

311 2458 412 2540 vem:
433 2489 535 2560 quem
546 2464 675 2533 tamdiu
688 2485 756 2534 non
773 2463 943 2548 viderem,
962 2467 1026 2534 nisi
1043 2465 1251 2540 abdicarem.
1266 2469 1362 2540 Abdi-

311 2585 398 2654 ootio
410 2605 486 2651 tneo
498 2583 535 2650 in
546 2594 710 2674 potestate
725 2579 875 2648 ebdionti
888 2594 951 2648 est.

357 2703 494 2772 Routut
509 2699 678 2766 Htssonss.
694 2696 791 2788 Quid
810 2696 955 2787 fatigate
972 2697 1125 2768 felicitati
1138 2702 1295 2772 molestus
1306 2702 1361 2772 es?

308 2818 393 2912 quid
407 2831 597 2909 exspectas,
614 2811 724 2879 donec
737 2814 854 2880 eastris
872 2815 1049 2905 ejicieris?

357 2935 544 3001 Metuonis.
559 2924 738 2994 Erubescit
747 2927 885 3018 respub.
898 2943 964 2996 tem
978 2931 1174 3000 cicatricoso
1186 2934 1356 3003 militeuti.

210 3109 215 3117 .
289 3051 383 3116 ‘Non
397 3056 531 3138 opostet
547 3055 672 3109 tantam
688 3039 846 3112 virtutem
867 3044 940 3110 sine
953 3068 1143 3116 successore
1158 3050 1356 3134 concedere3

306 3160 463 3231 ducende
484 3181 569 3226 uxot·
585 3169 654 3245 est3
674 3155 733 3226 sed
747 3157 816 3249 jem
836 3181 928 3228 nunc
941 3177 974 3229 te
992 3160 1179 3254 admoneo,
1203 3192 1248 3236 ne
1263 3189 1357 3236 unum

306 3277 404 3347 tollas
419 3281 447 3346 ¹.

354 3377 517 3463 cotum
530 3395 678 3462 Hunni.
693 3394 770 3460 Non
782 3407 860 3460 ante
872 3408 906 3461 te
918 3395 1066 3464 retinere
1080 3400 1185 3492 coepi,
1202 3423 1299 3492 quam
1312 3395 1357 3464 di-

305 3510 397 3579 mitit
415 3507 565 3603 respubl.
583 3508 721 3578 Nullum
737 3509 811 3600 jem'
823 3509 884 3577 tibi
899 3510 1042 3594 vuinus,
1062 3514 1128 3581 nisi
1144 3538 1206 3607 per
1226 3513 1356 3584 cicatri-

303 3737 361 3780 nnts
372 3724 440 3779 eladi
452 3724 511 3778 buis
523 3725 585 3792 init,
597 3743 673 3795 qnam
685 3741 735 3776 nox
746 3723 810 3776 diri·
859 3723 1090 3782 innotui.Psrtinet
1100 3729 1149 3784 boe
1160 3729 1225 3783 illud
1236 3727 1356 3784 Bisndiis

303 3802 750 3877 metettpostremnsquesngientium
758 3801 810 3874 ipse
858 3804 961 3857 coiots:
977 3827 990 3852 ι
998 3807 1060 3859 Non
1073 3827 1144 3880 posse
1157 3807 1230 3862 inum
1242 3807 1291 3880 jem
1303 3808 1355 3858 iot·-

303 3905 344 3938 sex
360 3906 374 3938 a
390 3883 537 3938 satellitibus
548 3881 655 3934 bumesc
667 3881 766 3934 nucius
780 3880 808 3932 in
857 3882 914 3934 titsr
923 3884 1003 3935 faeere
1013 3921 1020 3947 ‚
1030 3885 1090 3954 quis
1100 3905 1188 3939 omnes
1199 3886 1272 3942 ilion
1282 3887 1356 3940 tute

304 3963 379 4016 annis
390 3961 440 4015 suis
452 3961 596 4014 referretur.
604 3979 618 4007 s
630 3957 728 4012 Schuts.
858 3973 966 4032 peterent
977 3975 1013 4017 :et
1023 3963 1127 4034 adjecit,
1140 3963 1199 4018 ideo
1210 3965 1249 4018 lex
1260 3978 1296 4018 ter
1305 3959 1355 4018 [οὶ-

339 4062 359 4094 s·
375 4040 443 4094 Jam
463 4041 532 4092 boeti
549 4042 627 4091 nimis
646 4049 721 4090 notus
739 4055 807 4090 tum.
857 4052 907 4092 tem
921 4038 1355 4115 dimisitncitiilumjemobserttsi

302 4118 413 4170 obtima
434 4117 515 4190 glorie
535 4128 635 4180 nostra,
655 4129 679 4168 et
697 4115 808 4169 hostibus
857 4116 889 4170 ab
904 4118 1006 4172 boote.»
1021 4119 1119 4174 Schult.

303 4194 392 4246 virtuts
401 4195 639 4268 tnnsttistupesque‚
647 4193 724 4246 immo
731 4193 807 4246 nimis
891 4215 912 4248 n.
934 4196 973 4248 Ne
991 4216 1073 4251 sanum
1091 4202 1177 4254 tollas.
1196 4199 1247 4254 Sed
1263 4198 1352 4272 piures:
