2874 4796
303 399 368 484 tlt
619 399 666 464 nr.
694 395 840 466 ANNAEt
862 397 1039 466 smmis

301 528 408 593 mines
422 539 531 592 erant.
548 523 615 592 Sed
629 523 689 592 ubi
702 523 936 615 quotidianum
950 524 1109 594 diurnum
1124 542 1157 593 et
1172 529 1367 600 mendican-
1426 577 1427 582 κ

300 643 384 708 tiurn
398 655 541 733 quaestus
551 640 764 732 recognoscit
776 665 784 705 ε
796 642 850 706 Τιι
863 637 966 709 hodie
980 641 1091 708 minus
1103 642 1243 712 attulisti
1255 673 1264 730 3
1281 647 1367 714 cedo

300 755 392 839 lora,
414 752 544 846 gaudeo
562 777 616 821 me
638 777 708 821 non
726 777 844 822 omnes
857 775 1059 822 emancasse.
1075 754 1172 846 Quid
1186 755 1271 825 fles?
1283 759 1367 851 quid

298 871 418 960 rogas?
434 870 510 961 plus
531 860 726 953 retulisses,
744 871 772 938 si
795 871 845 937 sio
859 891 1014 965 rogasses
1026 872 1050 937 ¹.
1066 870 1206 939 Dixerat
1225 888 1259 940 et
1276 873 1366 941 illsm

300 985 499 1052 senteutiam
526 985 643 1053 :Date
669 987 821 1067 miseris,
848 982 941 1077 quod
961 1009 1065 1052 unum
1084 989 1263 1082 percipere
1279 1012 1366 1080 gau·
1425 1011 1427 1080 j

300 1099 392 1168 dium
412 1117 564 1193 possunt.
590 1099 723 1190 Aliquis
749 1124 789 1168 ex
814 1100 883 1168 illis
902 1099 1094 1169 damnatum
1113 1103 1213 1170 istum
1234 1105 1362 1185 rideat,

301 1217 424 1309 aliquis
441 1215 567 1284 audiat.

348 1331 441 1414 Αὕτη
453 1331 559 1427 pedun',
582 1335 717 1401 Garcott
735 1330 833 1414 dixit,
852 1335 920 1414 τοῖς
930 1329 1147 1428 ταλαιπώροις
1161 1333 1250 1431 χαρὰ
1267 1363 1365 1406 κατα.

299 1449 470 1520 islense-ort.

349 1565 519 1645 Vrurcms,
541 1583 688 1630 summus
707 1575 838 1628 amator
852 1560 987 1646 Ovidii,
1006 1559 1363 1630 huncaiebatsensum

300 1673 518 1747 disertissime
536 1677 626 1769 apud
643 1679 811 1744 Nasonem
825 1677 984 1745 Ovidium
1000 1699 1073 1746 esse
1086 1679 1254 1770 positum,
1271 1702 1364 1771 quem

300 1796 344 1864 ad
361 1784 560 1886 fingendas³
579 1791 706 1861 similes
723 1795 905 1860 sententias
916 1793 1028 1862 aiebat
1043 1815 1116 1862 esse
1135 1795 1299 1862 memoris
1317 1809 1365 1862 te-

302 1914 462 1982 nendum.
484 1911 606 1980 Occiso
623 1907 759 1978 Achille
777 1909 843 1977 hoc
861 1908 1086 2005 epiphonema
1102 1911 1271 2004 apponit:

449 2051 526 2121 Quod
540 2049 656 2102 Priamus
668 2047 777 2120 gaudere
789 2066 864 2101 senex
877 2061 932 2120 post
943 2050 1054 2104 Hectore
1068 2061 1164 2122 posset,

450 2136 507 2187 Hoc
520 2133 576 2186 suit.

351 2259 480 2326 Cussros
498 2256 638 2324 Surssos
655 2253 809 2322 dixerat:
826 2252 976 2321 Ostende
992 2253 1091 2322 nohis
1106 2255 1272 2348 captivos.

351 2375 461 2440 Josro's
488 2373 603 2438 Bassus
632 2367 762 2438 dixerat
790 2394 797 2433 :
826 2367 978 2437 Ostende
1008 2368 1106 2436 nobis
1138 2367 1364 2440 mercedarios

304 2509 392 2559 lull&-

352 2607 512 2672 Istrianos
530 2601 738 2671 commodius
754 2599 934 2669 videbatur
947 2601 1071 2698 dixisse
1086 2627 1094 2667 τ
1108 2601 1262 2670 Ostende
1274 2601 1364 2670 nobis

302 2725 454 2793 alumnos
470 2715 583 2788 tuos⁴.
668 2787 676 2800 ,

351 2837 391 2903 P·.
404 2836 565 2907 deruanus
575 2828 670 2915 dixit,
690 2855 793 2922 quum
809 2830 993 2900 induxisset
1006 2833 1125 2924 stipem
1140 2834 1365 2925 porrigentem

303 2947 473 3029 mendico,
490 2945 704 3012 Oinlelicem
722 2941 875 3036 patrem!
894 2960 930 3012 et
947 2943 1014 3014 hoc
1031 2945 1089 3038 qui
1106 2943 1215 3032 dicit,
1229 2947 1364 3016 fortasse

303 3080 399 3157 pater
419 3078 481 3129 est.

340 3239 359 3270 t.
374 3216 406 3270 Si
422 3220 460 3270 sic
478 3235 605 3284 rogasses.
624 3216 668 3268 Sic
686 3217 761 3279 fleus,
777 3217 812 3270 sie
861 3217 911 3270 hoc
922 3216 1076 3290 elegantius,
1087 3219 1147 3289 qnia
1160 3220 1364 3292 erubiguitesro·

305 3295 416 3365 ejulans,
435 3294 501 3346 inter
515 3293 672 3368 rogandum,
688 3306 714 3346 ut
727 3313 811 3359 nnnc,
862 3294 897 3346 cis
906 3295 1038 3348 manifeste
1049 3294 1363 3350 tuxstoduestoreraner·

302 3391 380 3443 quum
393 3369 451 3423 loris
463 3392 478 3424 e
488 3390 527 3423 ure
539 3372 653 3424 concisus
664 3391 697 3424 es.
709 3371 812 3424 Setun.
861 3375 958 3426 amsii
966 3373 1050 3426 minus
1059 3374 1192 3427 commode
1200 3375 1242 3428 isti
1250 3369 1364 3429 debiliori

336 3473 359 3504 n.
372 3451 441 3508 Λῧτὴ
452 3449 524 3520 piru,
536 3463 582 3504 etc.
590 3453 671 3504 Vertit
684 3451 813 3504 schottus:
863 3463 887 3502 et
900 3451 983 3503 menei
997 3449 1153 3516 dicebantur,
1165 3452 1226 3522 quis
1239 3467 1364 3505 meruere·

305 3531 360 3583 lloc
370 3529 451 3582 solum
466 3530 563 3583 miserie
578 3529 631 3583 istis
643 3530 765 3602 gaudium
778 3551 815 3583 re·
863 3529 914 3582 rios
926 3528 1102 3600 intelligimus,
1119 3530 1164 3600 qui
1176 3531 1295 3584 mercede
1304 3545 1363 3582 cun·

307 3607 393 3660 lictum
408 3617 453 3664 est.
863 3605 1107 3678 ductisliisopersro
1118 3618 1252 3678 prestante
1265 3605 1363 3660 utdless

335 3685 360 3738 3.
377 3685 462 3755 Quem
474 3687 680 3755 adfirrgendas,
696 3697 742 3739 etc.
757 3685 813 3753 lpse
862 3685 944 3760 potius
963 3685 1133 3738 mercenarius
1145 3684 1284 3745 ,dicendus
1302 3693 1363 3737 esset·

303 3764 373 3816 enim
405 3763 524 3836 plurimes
559 3764 635 3817 etism
659 3763 813 3835 optimorum
861 3761 1363 3836 Sedrespectnslimentomm,qnesusst

303 3842 431 3896 rhetorum
451 3842 586 3894 sententias
606 3842 633 3893 in
653 3860 739 3893 verens
755 3859 814 3894 suos
861 3839 1361 3913 mercedisloco,nrereeneriossppellsre

303 3920 437 3972 transtulit.
446 3919 569 3973 Contror.
585 3939 620 3973 ro.
634 3918 737 3971 Schult.
861 3918 955 3980 voluit,
974 3915 1075 3970 eculeos
1087 3917 1132 3969 iste
1151 3936 1205 3970 non
1217 3918 1279 3972 setis
1294 3915 1362 3969 oris

336 4002 359 4064 4·
381 4001 493 4053 Ostende
513 4001 586 4054 nobis
604 4003 726 4052 alumnos
746 4007 811 4054 tuos.
861 4007 988 4067 promptu.
1002 3993 1069 4048 lllnsl
1081 4013 1156 4067 porro
1168 3999 1295 4063 cepticos,
1307 3985 1362 4046 nihil

303 4079 400 4148 Nempe
411 4079 534 4129 alumnos
546 4075 659 4149 seeipere
671 4093 811 4148 possumus,
862 4073 951 4138 hebet,
964 4071 1034 4143 qnod
1048 4072 1120 4125 eslde
1136 4093 1250 4148 pungere
1269 4071 1362 4126 dieite·

303 4167 325 4205 et
339 4155 385 4223 qni
395 4151 513 4222 aluntur,
534 4167 557 4207 et
575 4153 621 4224 qui
635 4153 715 4206 elnot.
728 4153 811 4204 'l’eoto
861 4163 950 4224 posset.
964 4149 1067 4204 d'eltult.
