2874 4768
298 407 362 500 ⁵9⁸
616 408 662 476 M.
687 403 830 474 mum
853 403 1031 472 smnus

298 547 443 611 constet,
470 504 538 603 nou
561 554 716 600 curamus
732 546 770 598 ut
788 551 914 598 seusus.
933 529 1092 597 Omnium
1110 546 1222 598 sutem
1237 553 1365 598 corru-

298 665 429 742 ptarum
453 645 690 716 sententiarum
716 644 866 736 exemplu
892 644 935 711 de
955 645 1121 713 industria
1142 669 1262 738 pono:
1281 649 1366 737 quia

299 766 451 845 facilius,
478 778 511 831 et
533 761 850 853 quidimitaudut'u,
871 760 1002 852 etquid
1018 761 1191 830 vitandum
1213 763 1276 844 sit,
1297 763 1367 831 do-
1426 777 1428 804 ¹

300 904 415 948 cemus·
430 876 593 968 exemplo.

303 1039 1357 1072 W

553 1132 985 1222 DECLAMATIO
1013 1132 1106 1219 ΙΙΙ.

454 1325 695 1378 exeosttutt
727 1325 940 1376 REPE'I'ENS
970 1325 993 1372 tt
1022 1325 1219 1396 DUOBUS..

303 1476 356 1536 l’er
371 1476 429 1536 vim
442 1481 605 1558 mettimque
622 1487 716 1557 gesta,
730 1497 788 1534 uon
804 1475 861 1534 sint
874 1487 944 1534 rata.
961 1475 1044 1534 Pacta
1056 1486 1273 1555 contentaque·
1289 1475 1364 1556 legi-

339 1571 393 1632 bus
406 1570 497 1645 laets,
512 1585 572 1634 rats
586 1569 840 1653 siut..Expositum
854 1573 904 1652 qui
920 1571 1083 1654 agnoverit,
1104 1570 1206 1630 solutis
1221 1571 1365 1631 alimentis

343 1669 473 1748 recipiet.
1043 1749 1044 1752 Ἴ

306 1797 651 1878 ρὼηὼιωιωρωίιω
662 1797 1362 1878 mute,eted1mt,·quoemrtpnuimnts.

341 1898 481 1977 poteritis
499 1907 589 1958 estse
608 1897 793 1958 ndtcaemsm
817 1891 868 1956 uhi
879 1893 980 1964 erlem,
998 1897 1026 1956 si
1037 1896 1095 1955 sibi
1109 1897 1228 1956 ellmm
1248 1911 1288 1956 ee
1309 1896 1367 1956 r'lt‘s

344 1996 470 2056 dedisset.
488 1995 607 2056 Paetum
623 1997 810 2075 inerpoefflam
824 2005 875 2054 est.
889 1993 995 2054 Reddit
1005 1995 1051 2056 illi
1059 1994 1128 2058 dnos
1136 2015 1149 2066 ;
1158 1994 1364 2074 repetimus.

642 2148 694 2214 (ux
706 2147 822 2198 conum.
838 2147 869 2207 a,
887 2147 931 2195 us.
944 2147 1025 2214 vm.)

356 2284 657 2352 nucususno
677 2287 761 2353 eum
779 2285 898 2351 niens
916 2285 1104 2353 dividemus
1119 2242 1257 2368 lucror,
1279 2310 1368 2378 quos

308 2424 376 2468 nou
394 2398 575 2468 dividimus
593 2424 666 2468 cum
686 2401 871 2467 matribus?
886 2401 1072 2494 Utrumque
1091 2404 1212 2494 genui,
1231 2417 1368 2470 utrum-

309 2540 375 2609 que
394 2515 599 2592 desideravi,
619 2539 681 2607 pro
698 2530 841 2606 utroque
859 2531 976 2610 pactus
994 2539 1078 2584 sum.
1097 2517 1171 2584 Una
1186 2518 1254 2584 nati
1268 2535 1366 2599 sunt,

308 2657 376 2700 una
386 2632 539 2724 expositi,
555 2653 622 2698 una
634 2630 766 2698 educati
782 2657 789 2695 ι
803 2629 928 2698 redditi
942 2629 1194 2700 distrahuntur?
1203 2633 1371 2702 Distrnxit

308 2747 383 2815 illos
395 2747 533 2815 'fortuna
550 2745 732 2838 aliquando
751 2747 994 2838 aparentibus,
1014 2772 1186 2839 nunquam
1201 2748 1244 2815 ab
1261 2750 1368 2841 ipsis.

309 2865 400 2929 Duos
416 2863 573 2954 exposui,
593 2863 673 2953 quia
688 2861 827 2928 alterum
847 2861 973 2952 eligere
989 2884 1055 2929 nou
1070 2878 1229 2954 poteram.
1249 2865 1288 2930 Iu
1303 2887 1373 2931 au·

311 2979 453 3046 ctionem
471 2977 591 3044 fratres
605 2977 786 3070 productos
804 2980 955 3067 quamvis
970 2978 1099 3046 hostilis
1114 2976 1208 3046 hasta
1224 3002 1294 3045 non
1314 2979 1374 3046 di·-

312 3093 409 3162 vidit.
420 3093 500 3162 Plus
513 3093 670 3186 quiddam
685 3110 736 3161 est
748 3095 899 3185 geminos
914 3119 997 3178 esse,
1016 3119 1114 3186 quam
1129 3095 1246 3164 iratres
1261 3123 1269 3160 :
1284 3119 1373 3188 per-

313 3205 363 3275 dit
379 3223 520 3298 uterque
541 3207 681 3299 gratiam
699 3228 810 3288 suam,
833 3208 897 3273 nisi
915 3231 988 3274 cum
1007 3207 1112 3274 altero
1133 3221 1195 3275 est.
1211 3209 1372 3300 Ignoscat

314 3324 472 3392 retinenti
490 3347 598 3404 meos,
618 3347 720 3415 quum
745 3323 817 3416 ipse
835 3301 1048 3415 concupiscat
1065 3322 1205 3390 alienos.
1227 3325 1372 3418 Agnitio

313 3438 458 3522 dividet,
479 3463 561 3530 quos
569 3441 679 3530 junxit
693 3439 791 3506 etiam
805 3439 992 3532 expositio?
1005 3439 1125 3506 Omnia
1141 3463 1204 3532 pro
1221 3439 1293 3507 filio
1306 3465 1374 3534 pa-

314 3557 432 3636 ciscor,
453 3571 574 3647 preter
594 3555 713 3623 filium.
739 3558 860 3624 Pactus
885 3579 957 3622 sum
981 3555 1081 3635 llens,
1102 3571 1272 3638 tremene,
1293 3575 1374 3628 tau-

316 3695 415 3763 quam
430 3695 531 3762 quum
545 3694 758 3762 exponerem.
773 3669 859 3738 Mihi
873 3686 953 3738 tunc
968 3671 1019 3738 vis
1034 3687 1068 3738 et
1082 3673 1262 3741 necessitas
1274 3692 1372 3760 erat,

315 3789 494 3855 nonenim
519 3803 667 3879 poteram
694 3787 846 3853 invenire
872 3785 977 3866 filios,
1000 3785 1063 3853 nisi
1081 3786 1224 3856 alterum
1241 3793 1373 3882 promi·

317 3926 444 3970 sussum.

350 4077 369 4108 r.
379 4058 461 4110 Pacta
472 4067 645 4126 conventoque.
656 4055 749 4107 lllemb.
757 4051 821 4108 H*
865 4057 898 4108 Ut
913 4067 947 4106 est
958 4055 986 4108 in
999 4053 1110 4128 integris.
1124 4061 1235 4114 Gronov.
1245 4085 1277 4098 -
1287 4059 1331 4112 Sir
1347 4059 1373 4110 iu

315 4144 479 4187 staconvenla
490 4135 586 4202 rigibus
593 4131 669 4203 sacta
683 4143 741 4185 ratu
755 4137 813 4185 sint.
864 4145 928 4184 textu
942 4151 994 4203 sup.
1009 4154 1031 4202 p.
1044 4131 1099 4201 ³59.
