2876 4804
365 293 410 378 sn
459 313 461 318 ⁷
686 295 822 362 sunu.
849 294 1094 378 senorum,

365 413 535 502 «potentia
553 427 742 501 aequaretur.
754 444 767 471 ι
794 410 926 480 Fatetur
945 409 1031 478 idem
1056 411 1177 478 Senem
1200 413 1254 478 hic
1272 414 1414 500 Rhetor,

364 523 522 586 Annaeum
546 518 665 584 Melam
689 517 789 584 filium
813 516 1022 608 compellans,
1047 518 1203 606 prooemio
1225 519 1326 585 altero
1351 521 1418 586 De·

364 622 486 688 claritat.
502 621 583 705 Quae
591 619 787 686 Cornelianis
795 623 838 686 ita
848 618 1059 709 respondent,
1072 635 1109 684 ut
1123 643 1165 686 ne
1176 643 1275 686 ovum
1283 622 1419 712 quidem

365 749 428 792 ovo
444 727 541 817 magis
561 728 599 792 sit
615 726 725 794 simile.
745 725 837 792 Idem
854 741 987 792 testatur
1007 741 1039 790 et
1057 725 1178 792 Seneca
1197 726 1418 818 Philosophus

324 873 327 879 ·
364 831 405 898 de
417 833 514 898 fratre
531 833 630 914 Mela,
647 832 736 896 initio
751 836 833 920 ejus,
849 855 920 920 quae
935 832 1111 920 alloquium
1122 835 1280 916 continet,
1293 835 1417 900 Conso-

363 940 486 1006 lationis
504 939 544 1005 ad
560 939 706 1022 Elbr'am,
722 940 821 1029 vulgo
838 939 994 1004 Albinam
1008 955 1151 1006 matrem.
1166 941 1283 1006 Orator
1302 942 1417 1030 itaque

363 1060 472 1109 noster
486 1041 586 1108 filium
605 1044 763 1108 Annaeum
779 1043 896 1108 Melam
911 1043 1062 1132 appellat,
1081 1065 1178 1130 quern
1197 1043 1418 1132 Philosophus

362 1148 510 1230 fratrem,
520 1150 598 1214 item
612 1163 644 1212 et
657 1147 803 1215 Tacitus:
821 1171 861 1214 ex
872 1170 939 1237 quo
952 1147 1171 1240 efficituronon
1186 1148 1335 1214 eumdem
1349 1151 1417 1216 De-

364 1255 581 1337 clamationes,
604 1271 636 1317 et
648 1254 819 1342 Epistolas,
836 1271 1014 1342 caeteraque
1033 1255 1262 1342 conscripsisse.
1285 1254 1350 1320 Sed
1371 1279 1418 1322 ne

184 1421 187 1428 .
273 1438 277 1446 ι
363 1362 435 1448 quis
457 1359 683 1449 tergiversandi
699 1361 790 1425 locus
807 1360 936 1426 relictus
950 1383 1017 1426 esse
1034 1359 1194 1442 videatur,
1213 1383 1365 1450 :uagatum
1383 1379 1416 1428 et

362 1465 440 1540 illud
459 1466 546 1553 apud
559 1490 611 1530 me
628 1465 757 1554 pondus
774 1467 886 1549 habet,
908 1465 999 1556 quod
1014 1463 1100 1530 idem
1118 1465 1217 1530 refert
1236 1467 1333 1533 Corn.
1353 1468 1417 1536 Ta-

362 1574 442 1638 citus
453 1573 568 1636 Annali
577 1571 664 1652 XIV,
672 1595 773 1660 quum
781 1594 801 1636 a
809 1572 941 1637 Nerone
950 1570 1166 1661 Philosophus
1174 1573 1355 1638 missionem
1362 1574 1415 1640 fla-

362 1678 488 1766 gitaret,
506 1699 543 1740 ac
567 1698 602 1740 se
628 1675 751 1740 invidiae
768 1698 807 1740 ex
826 1677 985 1742 immensis
1004 1677 1119 1765 opibus
1147 1694 1317 1743 contractas
1340 1683 1416 1746 sub-

248 1827 256 1842 ,
361 1777 481 1843 ducere
499 1778 610 1860 vellet,
634 1775 691 1841 sed
713 1776 861 1842 invidiam
879 1794 1004 1842 tanturn
1028 1776 1234 1868 deprecatum
1252 1802 1329 1847 esse.
1351 1783 1414 1848 Cui

361 1877 473 1946 callide
492 1879 692 1968 Imperator:
707 1878 870 1960 «Verum,
889 1878 1006 1966 inquit,
1022 1895 1053 1944 et
1071 1879 1127 1944 tibi
1143 1879 1245 1946 valida
1258 1897 1345 1963 aetas,
1361 1907 1415 1966 ro-

362 1984 517 2072 «burque
532 2001 563 2047 et
579 1982 698 2048 fructui
717 2005 825 2048 rerum
846 1982 1029 2048 sufficiens:
1047 2000 1080 2048 et
1093 2008 1152 2048 nos
1166 1986 1268 2074 prima
1286 1989 1414 2075 imperii

361 2119 374 2146 a
387 2091 484 2179 spatia
502 2087 738 2178 ingredimur.»
759 2088 835 2155 Non
855 2090 953 2177 igitur
968 2090 1177 2154 centesimum
1189 2095 1256 2176 jam
1272 2115 1413 2176 annum,

360 2218 432 2284 quae
448 2195 595 2260 silicernii
612 2210 683 2259 aetas
702 2210 763 2276 est,
782 2212 974 2277 excesserat,
996 2218 1033 2260 ae
1050 2217 1092 2259 ne
1107 2196 1249 2284 attigerat
1267 2198 1412 2285 quidem.

404 2301 511 2390 Stylus
530 2299 669 2388 denique
684 2301 821 2380 Criticis,
836 2317 872 2364 ut
897 2301 943 2368 M.
965 2301 1101 2367 Varroni
1119 2303 1205 2390 apud
1224 2305 1354 2371 Latinos
1378 2310 1412 2374 in

359 2407 511 2473 Plautinis
528 2399 641 2472 fabulis
662 2405 869 2494 dijudicandis
879 2417 901 2487 ¹,
922 2406 1010 2496 apud
1028 2407 1155 2474 Graecos
1173 2410 1359 2475 Aristarcho
1378 2415 1412 2480 in

359 2511 534 2578 Homericis
551 2511 782 2594 discernendis,
797 2535 866 2578 non
881 2511 977 2576 falsus
988 2513 1029 2576 de
1042 2515 1164 2602 scriptis
1180 2515 1317 2582 aliorum
1333 2521 1413 2584 asti-

298 2663 300 2666 ·
359 2620 480 2684 mandis
494 2638 621 2703 auctor,
636 2621 751 2708 stylus,
765 2621 911 2707 inquam,
926 2621 1094 2708 utriusque
1109 2621 1238 2687 Seueeae
1252 2624 1354 2688 Marci
1380 2643 1413 2692 et

358 2722 447 2788 Lucii
460 2740 524 2788 tam
536 2723 706 2802 dissimilis,
719 2738 754 2786 ut
765 2721 816 2786 vel
826 2721 891 2786 hoe
903 2744 970 2786 uno
985 2715 1173 2812 argumento
1188 2723 1329 2790 diversos
1342 2749 1413 2794 esse

357 2827 600 2908 animadvertat,
620 2826 763 2914 quisquis
790 2825 928 2898 eruditas
945 2849 1037 2892 aures
1059 2829 1226 2892 consulere
1244 2831 1323 2896 vult.
1346 2833 1412 2900 Hie

358 2935 442 2998 enim
459 2932 605 2996 concisus
626 2930 750 3019 sibique
764 2931 927 2996 cohaerens
948 2931 1144 2998 declamitat:
1165 2934 1218 3000 ille
1234 2937 1301 3002 sine
1320 2939 1411 3006 calce

247 3047 249 3052 '
355 3060 459 3102 arenae
468 3039 566 3102 instar
574 3037 811 3102 commissiones
826 3059 928 3103 meras
940 3041 1118 3130 componit,
1130 3056 1168 3104 ut
1176 3042 1316 3132 Caligula
1328 3045 1408 3135 imp.

351 3140 519 3231 judicarit,
539 3157 571 3205 et
586 3140 761 3208 desultorio
776 3165 867 3208 more
882 3144 915 3207 in
932 3145 1006 3210 vitia
1018 3147 1243 3213 stomachatur.
1254 3149 1315 3213 Hic
1323 3153 1409 3236 jocis

354 3246 537 3329 interdum,¹
555 3246 688 3330 salibus,
715 3247 917 3338 dicteriisque
937 3249 983 3316 M.
1010 3249 1106 3316 Tullii
1131 3253 1264 3316 oratoris
1289 3257 1409 3323 urbani

354 3354 501 3442 exemplo
519 3353 684 3443 indulget:
701 3354 755 3418 ille
770 3376 896 3442 semper
915 3377 1060 3440 severus,
1079 3379 1117 3422 ac
1132 3359 1229 3423 veluti
1246 3361 1326 3424 Cato
1344 3378 1409 3427 ter·

352 3457 414 3520 tius
431 3455 536 3520 Stoica
551 3457 701 3545 gravitate
710 3455 760 3520 sui
770 3455 885 3522 similis.
899 3455 959 3522 Hic
970 3457 1088 3547 ingenii
1103 3476 1209 3542 notas,
1227 3460 1280 3524 ille
1292 3462 1408 3548 judicii

350 3557 487 3646 praefert,
502 3579 686 3646 quanquam
698 3573 729 3622 et
742 3573 850 3622 noster
861 3555 982 3645 judicat
994 3557 1035 3624 de
1048 3559 1185 3626 aliorum
1195 3563 1317 3650 scriptis
1337 3561 1407 3630 dic-

348 3663 452 3752 tisque
468 3679 557 3727 extra
572 3685 699 3728 causam
718 3685 809 3744 vere,
823 3678 854 3727 et
874 3661 1034 3730 audacter.
1053 3663 1134 3749 Quae
1148 3690 1249 3756 quum
1265 3667 1308 3732 ita
1322 3669 1406 3753 sint,

285 3804 289 3812 =
349 3789 417 3832 non
431 3767 516 3836 idem
530 3769 656 3836 Rhetor
670 3783 731 3851 est,
748 3767 803 3834 sed
819 3785 919 3858 pater,
940 3785 973 3852 et
989 3769 1222 3862 Philosophus,
1244 3774 1301 3862 qui
1318 3773 1406 3844 illius

392 4021 415 4064 r.
438 4011 473 4066 A.
489 4009 560 4066 Geli.
575 4009 654 4067 Noct.
674 4011 751 4066 attic.
764 4010 812 4064 tib.
825 4009 886 4080 111,
897 4028 920 4066 c.
936 4011 961 4068 3.
