2878 4816
236 461 671 533 corrrovnrsmruu
694 462 776 526 mr.
801 461 853 546 ιι,
884 460 934 545 14.
1063 428 1144 546 aea

74 590 200 686 putalm
214 592 252 658 in
268 591 475 659 arcueatorie
491 610 637 681 perrona
654 589 756 655 Intro
771 587 963 656 faciendum
973 623 994 669 ,·
1008 602 1046 655 ut
1064 586 1129 655 ali·

8 779 9 786 ,
75 709 139 800 quir
152 732 217 802 per
232 723 411 800 patronum
427 718 602 774 accusaret
619 711 762 797 patrem.

112 828 219 895 liures
237 827 364 892 Vrrrue.
393 821 568 890 Festivom
591 843 728 905 eonem,
749 821 809 913 qui
828 820 1045 890 inhonorem
1068 818 1133 888 lilii

76 943 121 1011 rui
130 938 357 1012 adolescentie
372 936 490 1007 ebrius
505 937 560 1006 eit.
577 938 619 1028 In
634 936 828 1006 uenatione
841 935 907 1004 hoc
918 960 1000 1005 uene
1013 951 1065 1004 eet
1077 959 1133 1004 co-

8 1117 9 1148 ,
73 1060 136 1130 lore
155 1086 164 1129 ε
185 1058 333 1128 solutum
350 1071 497 1149 patrem,
522 1055 593 1146 jam
610 1070 759 1123 mentem
779 1055 852 1148 ejus
870 1054 1038 1123 labantem
1055 1035 1134 1122 lan·

8 1149 9 1168 ³
74 1176 146 1246 dare
159 1173 303 1267 coepieee
323 1170 504 1242 luxuriam.
523 1171 682 1238 Dicerem
700 1193 773 1238 ecee
795 1169 952 1253 felicius,
972 1172 1001 1238 ei
1027 1169 1131 1251 ¹hie,

8 1289 10 1384 ζ
75 1293 124 1384 qni
142 1289 209 1360 eibi
230 1311 345 1356 amare
362 1288 621 1381 permitterent,
640 1287 894 1369 neceesarium,
914 1301 1043 1355 tantum
1069 1287 1133 1380 ha7
1160 1271 1165 1282 ⁴

8 1463 9 1466 ι
75 1407 168 1488 bere,
185 1418 351 1498 quantum
369 1416 596 1496 acceperant:
617 1401 839 1494 objurgarent
855 1403 1017 1488 interim,
1039 1405 1135 1494 quari

74 1545 134 1590 uon
146 1531 422 1588 commemorent.
435 1515 633 1600 Rusticum,
647 1514 758 1606 inquit
770 1563 781 1598 ,
792 1512 975 1607 juvenem!
996 1538 1136 1606 praema-

8 1637 9 1642 ’
75 1652 143 1706 tura
157 1635 322 1706 reveritae
339 1627 408 1701 non
425 1646 475 1699 eet
501 1631 697 1723 frugaliter,
727 1630 787 1698 eed
806 1631 954 1700 tristitia.
978 1631 1074 1724 Quid
1099 1648 1137 1699 tu

77 1781 170 1826 eeuex
191 1755 324 1824 iacies?
342 1777 411 1822 non
434 1751 573 1822 creditis
595 1752 669 1821 haec
688 1751 784 1822 illum
804 1753 947 1838 dixisse,
973 1757 1033 1848 qui
1055 1755 1137 1824 dum

76 1874 150 1943 vitia
164 1873 267 1942 etiam
284 1870 466 1964 objurgare
483 1869 556 1938 vult
564 1920 576 1957 ,
598 1869 816 1939 luxuriatur?

119 1990 349 2057 Arcrrrmrus
365 1986 433 2054 hoc
449 1985 562 2076 colore
581 1985 781 2054 declamavit
802 2011 809 2052 :
830 1989 907 2054 Duo
926 1986 1140 2056 luxuriantur

8 2157 10 2164 .
79 2128 139 2173 una
148 2107 185 2174 in
195 2104 296 2172 domo
310 2130 319 2170 ι
331 2103 419 2172 alter
425 2102 580 2195 juvenie,
594 2101 681 2170 alter
691 2125 793 2170 senex
807 2128 814 2169 :
831 2102 918 2170 alter
931 2103 1041 2190 filius,
1055 2102 1142 2172 alter

79 2234 168 2311 pater
188 2244 196 2286 ι
214 2234 361 2308 uterque
377 2216 493 2284 licenti
508 2215 601 2284 cultu
616 2240 681 2308 per
697 2217 871 2309 publicum
885 2217 1028 2287 incedit.
1043 2215 1140 2286 Alter

8 2357 9 2360 ¹
78 2333 168 2402 robie
190 2335 240 2403 eit
264 2361 274 2400 ι
297 2336 370 2402 Ηοο
389 2354 586 2400 concessum
607 2333 711 2399 aetati.
733 2335 830 2413 Utor,
854 2347 888 2400 ct
903 2333 1048 2427 juvenili
1064 2333 1141 2426 lege

79 2448 197 2542 fungor
223 2477 232 2518 ε
250 2448 287 2517 id
307 2448 411 2529 facio,
432 2447 523 2540 quod
540 2462 637 2540 pater
654 2471 747 2515 mene
765 2447 845 2516 iecit
854 2499 865 2534 ,
887 2473 991 2542 quum
1001 2449 1142 2542 juvenis

80 2583 180 2652 ceeet3
197 2566 337 2660 negabit
349 2567 363 2634 1¹
375 2565 465 2633 hona
477 2588 560 2656 ergo
575 2580 673 2633 etate
685 2568 789 2657 coepit
801 2565 901 2634 simul
914 2569 1061 2659 primum
1074 2567 1140 2635 hoo

8 2735 9 2754 .
81 2685 269 2753 tirocinium
288 2681 540 2770 adolescentie,
558 2683 655 2775 quasi
674 2680 826 2749 debitum
845 2707 885 2751 ac
899 2681 1039 2750 eolenne
1056 2707 1138 2777 per-

81 2798 218 2868 solvere.
236 2801 404 2868 Revertor
417 2799 462 2866 ad
473 2798 579 2868 bonos
590 2821 700 2866 mores
712 2798 772 2890 qui
785 2796 919 2888 qualem
934 2819 1068 2866 caumm
1081 2797 1141 2866 lie·

82 2909 194 3000 beant,
210 2911 379 2980 videritis.
396 2914 538 2981 Faciant
548 2889 663 2991 etiam,
678 2913 706 2980 ei
718 2909 888 3005 nonquod
902 2925 1034 3004 oportet
1047 2911 1137 2994 fieri,

82 3044 113 3096 at
131 3029 221 3121 qood
238 3029 335 3098 eolet.
356 3029 452 3098 Alter
472 3031 520 3096 ait
540 3055 548 3096 ε
569 3030 645 3097 Scio
659 3052 713 3096 me
731 3052 858 3098 novum
875 3029 1022 3097 civitatie
1036 3030 1143 3097 mira-
1198 3045 1204 3054 “

83 3145 209 3229 culum,
230 3142 390 3215 incedere
408 3144 616 3213 luxuriosum
636 3157 750 3213 eonem
769 3171 777 3213 ι
795 3143 856 3213 eed
870 3145 938 3213 hoc
956 3143 1143 3238 castigandi

84 3356 191 3410 convive
204 3369 229 3410 et
242 3358 342 3430 parasiti
361 3358 476 3411 dixerint.
488 3356 587 3411 Schult.
637 3376 662 3410 ee
683 3357 843 3430 impendere,
863 3357 912 3410 nisi
927 3359 997 3429 quod
1017 3358 1102 3412 labore
1121 3370 1146 3411 et

114 3453 133 3486 r.
146 3433 267 3491 Dimum
281 3438 463 3506 essefilieim,
483 3440 510 3488 εἰ
527 3437 586 3498 Ιώ,
638 3434 792 3506 percimonia
812 3436 955 3505 quaesisset:
969 3438 1047 3491 avitae
1063 3457 1089 3492 re
1107 3437 1147 3491 illi

84 3513 125 3577 qui
133 3513 196 3576 sthi,
213 3527 260 3566 ete.
273 3511 431 3587 Difficillime
445 3513 500 3567 lraec
512 3513 588 3566 »otim
638 3531 697 3585 opes
714 3513 864 3578 indelibater
884 3515 1104 3578 commissurum
1123 3527 1149 3567 et

85 3589 229 3666 optingenii
237 3593 390 3646 restituenda
400 3605 482 3647 erunt.
491 3592 589 3646 Scribo:
638 3610 719 3654 eecce,
732 3591 777 3660 qui
790 3591 857 3644 idern
869 3607 977 3665 portent,
991 3595 1074 3648 leliree
1087 3613 1147 3668 prn-
1215 3617 1222 3639 ι

84 3677 105 3718 et
119 3670 201 3722 dr'em
215 3669 283 3720 milri
293 3671 485 3745 cesesele'cr'cres
498 3690 586 3734 senes,
638 3681 675 3722 ter
693 3681 786 3722 ceteros
799 3669 902 3743 judicet.
917 3673 1020 3741 Queret
1032 3673 1088 3743 quis
1103 3691 1147 3725 cur

83 3748 187 3810 quistet
197 3765 292 3800 amare
305 3751 496 3818 permitterent,
510 3756 535 3800 et
548 3767 589 3801 ne·
637 3766 728 3799 senum
746 3759 844 3800 tantum
873 3749 962 3802 lecerit
983 3749 1149 3802 mentionem.

8 3893 9 3898 1
82 3826 198 3875 msarir's
209 3829 313 3876 turdum
320 3824 452 3886 haberent,
461 3835 589 3893 quomam
637 3825 788 3896 despondeo
805 3845 834 3879 ex
846 3831 968 3880 sententia
982 3827 1058 3898 hujus
1069 3825 1147 3880 senis:

82 3911 235 3969 acceperant.
247 3901 293 3954 ll'u
301 3915 386 3954 eutem
397 3913 466 3973 peter
474 3899 529 3954 filio
540 3921 590 3953 me·
638 3902 794 3957 Adolescens
807 3916 831 3958 et
841 3905 940 3976 juvenis
950 3916 1059 3976 quaerat,
1074 3921 1148 3956 senex

82 3979 171 4046 uenti,
189 3999 222 4032 ne
241 3979 317 4050 ipeiue
328 3980 591 4034 lururieeooeurnere·
639 3981 745 4034 truatur.
762 3982 976 4035 Necessariorum
994 3992 1078 4033 eutem
1096 3998 1148 4031 no-

84 4067 120 4108 tur
136 4077 175 4112 ree
192 4057 339 4122 tamssimte,
360 4057 591 4130 patrimoniumque
640 4061 709 4114 mine
721 4059 795 4114 etiem
808 4061 982 4135 complectitur
994 4059 1035 4110 hie
1047 4057 1148 4124 liberem

84 4133 262 4207 relinqueretur
274 4136 393 4199 nullum,
403 4135 431 4188 in
450 4135 519 4207 quod
529 4157 591 4189 rue·
640 4140 674 4192 ite
687 4143 891 4195 necessitudine·
900 4138 967 4213 apud
978 4135 1071 4190 Juetio.
1082 4135 1132 4189 llll
1138 4173 1147 4200 ,

84 4214 514 4291 eederet,eripitrcrupulum;uilril
523 4215 591 4270 cuim
644 4220 682 4273 15.
691 4217 787 4274 Sclult.
