2878 4816
271 503 334 586 164
592 504 640 566 Μ.
667 501 813 568 ANNAEI
836 503 1018 572 SENECAE
1091 543 1093 548 ·

266 627 362 701 dives
377 629 645 722 concupisceret.
660 631 736 697 Non
746 629 904 698 desidero
916 630 1175 724 patrim'ouium.
1192 635 1349 730 Fragilis

266 748 442 816 etcaduca
461 745 604 815 felicitas
625 761 693 828 est,
711 765 745 814 et
757 747 866 814 omnis
880 746 1025 816 fortoaae
1042 749 1252 820 blandientis
1264 777 1346 845 spe-

266 867 377 934 ciosus
401 888 477 932 cum
497 861 652 956 periculo
675 863 766 929 nitor
781 887 788 926 :
806 878 841 930 et
859 863 932 930 sine
958 888 1059 934 causa
1079 888 1166 958 saepe
1189 867 1286 951 fluit,
1309 884 1345 938 et

265 982 340 1052 sine
358 983 487 1048 ratione
505 979 670 1046 destituit.
687 976 768 1046 Vidi
795 1002 859 1069 ego
886 981 999 1072 magni
1025 983 1192 1050 exercitus
1219 983 1341 1055 ducem

263 1101 338 1168 sine
352 1095 474 1165 comite
488 1094 675 1188 fugientem
692 1121 699 1161 ε
719 1093 789 1162 vidi
808 1094 987 1163 ambitiosa
1000 1097 1098 1166 turbs
1113 1097 1276 1166 clientum
1297 1100 1349 1170 li·-

263 1215 355 1281 mina
372 1206 522 1294 deserta,
546 1211 609 1279 sub
626 1210 764 1304 domino
777 1231 908 1278 sectore
926 1211 1073 1282 venalia.
1092 1215 1280 1307 Numquid
1299 1239 1341 1284 ex

261 1332 400 1400 summis
420 1330 542 1424 opibus
567 1327 612 1396 ad
636 1345 818 1421 egestatem
834 1333 843 1366 ¹
861 1329 1038 1398 devolutos
1062 1331 1210 1424 loquar?
1226 1333 1338 1402 Multa

212 1487 226 1522 t
255 1429 324 1520 'tibi
339 1464 540 1518 succurrent
557 1446 727 1539 exempla,
748 1447 849 1514 etiam
864 1446 892 1514 si
912 1448 948 1514 in
964 1473 1031 1515 une
1050 1448 1153 1517 domo
1169 1474 1311 1542 quaeras.

308 1568 395 1636 Ruri
414 1567 517 1634 Vrsu.
535 1561 717 1632 Habendos
738 1586 810 1630 esse
828 1562 955 1631 liberos
976 1565 1006 1632 is
1031 1589 1167 1659 quoque
1181 1565 1335 1661 judicat,

260 1684 320 1776 qui
335 1706 404 1750 non
419 1680 642 1748 libentissime
668 1676 784 1746 habet.
805 1682 878 1772 Ego
895 1664 983 1748 ¹illos
1001 1682 1038 1748 in
1057 1681 1179 1750 frivola
1195 1684 1338 1752 invitavi

259 1815 373 1869 nostra
388 1803 425 1883 ²3
446 1797 504 1888 qui
520 1795 587 1862 illis
600 1818 707 1863 meam
729 1796 868 1889 promisi
886 1796 1041 1884 domum,
1058 1822 1151 1866 suam
1170 1799 1339 1894 eripiam?

257 1915 353 2007 Quid
366 1912 483 1982 faciam
494 1913 509 1980 l
521 1912 557 1982 Si
574 1936 737 2005 paruero,
750 1912 954 1985 abdicabora
971 1916 998 1981 si
1013 1938 1082 1990 non
1093 1939 1259 2008 paruero,
1276 1916 1340 1986 ab·

208 2101 211 2108 ,
256 2030 410 2100 dicebor.
431 2033 565 2098 Patrem
586 2053 681 2114 am03
708 2029 780 2098 baa:
806 2046 857 2096 cst
882 2031 1095 2098 contumacia
1120 2054 1207 2100 mea.
1230 2033 1335 2102 Dives

256 2147 364 2215 filium
379 2146 591 2213 nonhabet:
608 2169 661 2212 me
676 2144 797 2212 dabis?
815 2145 843 2211 si
859 2145 956 2215 dives
969 2147 1143 2216 reduxerit
1162 2173 1240 2218 suos
1255 2177 1264 2218 ι
1279 2177 1334 2220 me

258 2263 426 2355 recipies?
441 2263 489 2330 ita
502 2287 570 2330 non
584 2259 741 2354 adoptari
754 2254 781 2344 ³3
800 2258 860 2328 sed
874 2261 1080 2331 commodari
1100 2288 1232 2334 recuso.

264 2441 267 2446 .
306 2380 420 2447 Cssrn'
435 2381 504 2447 P11.
520 2377 649 2471 Accipe
664 2379 740 2470 vitae
753 2400 833 2446 meae
850 2394 989 2467 testem3
1007 2378 1091 2471 quid
1111 2382 1227 2474 magni
1239 2383 1335 2450 msti-

255 2493 330 2562 mas'
342 2471 501 2578 divitem,
520 2499 574 2562 cui
593 2494 728 2589 placere
741 2493 883 2562 difficile
897 2497 969 2562 est?
981 2495 1092 2563 Vultis
1106 2497 1207 2583 scire,
1224 2487 1344 2588 quare*

252 2629 382 2708 patrem
396 2639 465 2681 non
485 2614 693 2706 relinquam,
708 2615 767 2704 qui
780 2613 900 2706 genuit
912 2636 986 2695 me,
1005 2612 1064 2704 qui
1079 2612 1255 2698 educavit,
1269 2618 1331 2707 qui

254 2757 324 2801 non
341 2726 551 2814 abdicavit⁴;
577 2731 636 2797 diu
662 2729 832 2813 dubitavi,
867 2729 924 2796 ille
939 2730 1084 2797 amicum
1095 2721 1265 2815 ‘tentarem
1285 2757 1330 2800 an

251 2849 309 2918 hic
323 2850 444 2918 [ilium.
466 2847 615 2926 Abdico,
633 2847 763 2936 iuquit3
782 2846 849 2914 boc
867 2860 965 2938 pater
978 2870 1094 2915 verus.
1113 2847 1209 2940 Quid
1227 2849 1272 2930 ab
1288 2873 1332 2918 eo

252 2969 312 3060 qni
327 2951 523 3057 adoptabit,
545 2987 683 3055 sperare
698 2966 860 3055 possum?

297 3086 463 3154 Naessum
479 3083 591 3150 Cesru
605 3083 674 3148 Pu.
695 3081 799 3151 Dives
816 3082 952 3149 sustulit
976 3107 1081 3166 upum
1105 3083 1231 3170 filium,
1259 3109 1329 3155 non

249 3200 314 3266 fuit
326 3213 522 3282 contentus3
539 3195 623 3287 quid
642 3196 732 3262 enim
753 3210 825 3262 crat
842 3193 939 3264 diviti
960 3198 1076 3264 uam?
1092 3213 1162 3266 tres
1175 3199 1326 3282 sustulit,

248 3330 381 3410 poterut
394 3339 498 3385 uuum
518 3311 554 3380 in
573 3310 787 3406 adoptionem
809 3311 913 3398 dare3
933 3312 1104 3382 abdicavit
1127 3337 1254 3400 unum,
1274 3315 1330 3384 el-

220 3517 224 3526 ·
245 3485 337 3553 tiorum
351 3519 427 3552 omne
443 3519 521 3572 genus
538 3499 564 3551 in
580 3499 669 3550 urbem
682 3498 756 3551 Rom.
806 3510 846 3549 eet
857 3499 943 3550 vocari
956 3518 1014 3552 voss
1025 3495 1114 3551 fictilia
1126 3499 1327 3570 quassa.Scdolt.

244 3580 386 3634 advectum.
408 3581 474 3652 Lege
496 3578 596 3630 lloratli
618 3576 700 3650 Epod.
717 3591 757 3628 uu
841 3573 1326 3644 3.Ita‘tarraconae-Totaheccum·

245 3673 270 3717 et
281 3674 336 3712 xvr.
350 3656 447 3728 Scitote
807 3653 944 3726 prehensio
957 3653 1047 3706 iisdem
1060 3654 1144 3706 verbis
1158 3656 1184 3706 in
1200 3675 1244 3708 ore
1258 3657 1326 3729 ejus·

279 3761 300 3793 1.
310 3737 361 3791 Ex
374 3739 487 3790 summis
498 3738 590 3802 opibus
601 3739 642 3788 od
650 3747 756 3804 egesta·
809 3733 867 3784 dem
878 3732 949 3784 Vibii
963 3731 1025 3786 Rufi
1038 3733 1118 3805 posita
1138 3745 1174 3786 est
1192 3731 1253 3786 infr.
1269 3754 1325 3788 non

243 3831 302 3872 tom.
323 3820 356 3871 Ut
376 3818 408 3870 ds
432 3815 534 3868 Licinio
554 3815 644 3867 Crasso
665 3813 757 3867 Divitis
806 3813 960 3884 louge:nisi
972 3814 1325 3884 quodaccommodarfmale

240 3912 425 3976 cognomento,
447 3897 554 3966 aliisque
575 3897 651 3948 refert
668 3893 754 3946 Valer.
807 3889 909 3963 legitur.
923 3889 1019 3945 Schotl.

245 3969 313 4031 illu.
325 3975 369 4031 lib.
380 3978 433 4043 Vl,
448 3996 502 4048 cap.
519 3995 556 4027 11.
568 3973 664 4027 Scbott.
839 3969 863 4035 4
880 3971 937 4041 Qui
943 3991 994 4022 non
1002 3971 1236 4041 abdicavithum
1244 3971 1325 4046 vulgo
1355 3983 1362 3995 ’

273 4073 297 4108 a.
308 4056 368 4125 Ego
376 4060 437 4110 illos
448 4053 581 4123 insrs'oola
591 4053 702 4105 r'nvitooi
709 4071 756 4101 no·
805 4048 901 4102 abesset
914 4049 1032 4122 nogotio,
1049 4069 1105 4102 eam
1121 4051 1158 4104 Ν.
1173 4049 1259 4104 Faber
1270 4053 1324 4105 ad·-

238 4142 304 4188 slm.
329 4136 440 4190 invitari
464 4135 492 4187 in
512 4153 594 4188 casam
625 4142 752 4192 nostram.
806 4125 878 4181 didit.
890 4129 946 4182 Hoc
958 4128 1037 4192 euim,
1051 4127 1146 4199 inquit,
1159 4130 1259 4182 confort
1271 4151 1323 4202 pa-

238 4231 316 4284 quem
328 4214 427 4285 frivolo
449 4227 535 4278 voest,
554 4225 657 4282 propter
670 4209 755 4284 supel-
805 4221 869 4261 trem
879 4227 952 4260 suum
966 4227 1022 4260 cum
1035 4207 1112 4259 divite
1125 4208 1168 4278 qui
1180 4220 1229 4259 tres
1241 4207 1322 4260 abdi·
1419 4271 1421 4274 Ι

130 4297 133 4308 ’
237 4289 754 4360 le'ctilistonuitatom.Festussrr'tolado·
806 4299 911 4338 caverat.
1219 4303 1221 4307 ·
