<?xml version="1.0" encoding="UTF-8"?>
<!DOCTYPE html PUBLIC "-//W3C//DTD XHTML 1.0 Transitional//EN"
    "http://www.w3.org/TR/xhtml1/DTD/xhtml1-transitional.dtd">
<html xmlns="http://www.w3.org/1999/xhtml" xml:lang="en" lang="en">
 <head>
  <title>
</title>
<meta http-equiv="Content-Type" content="text/html;charset=utf-8" />
  <meta name='ocr-system' content='tesseract 3.04.00' />
  <meta name='ocr-capabilities' content='ocr_page ocr_carea ocr_par ocr_line ocrx_word'/>
</head>
<body>
  <div class='ocr_page' id='page_1' title='image "./lannsenecparspr00bouigoog_0675.png"; bbox 0 0 2894 4784; ppageno 0'>
   <div class='ocr_carea' id='block_1_1' title="bbox 337 479 1134 566">
    <p class='ocr_par' dir='ltr' id='par_1_1' title="bbox 337 479 1134 566">
     <span class='ocr_line' id='line_1_1' title="bbox 337 479 1134 566; baseline 0.006 -18"><span class='ocrx_word' id='word_1_1' title='bbox 337 479 642 552; x_wconf 79' lang='lat' dir='ltr'>SUASORIARUM</span> <span class='ocrx_word' id='word_1_2' title='bbox 663 483 812 566; x_wconf 82' lang='lat' dir='ltr'>LIBER,</span> <span class='ocrx_word' id='word_1_3' title='bbox 839 485 870 549; x_wconf 89' lang='lat'><strong>5.</strong></span> <span class='ocrx_word' id='word_1_4' title='bbox 1068 485 1134 553; x_wconf 79' lang='lat'><strong>665</strong></span> 
     </span>
    </p>
   </div>
   <div class='ocr_carea' id='block_1_2' title="bbox 1 606 1137 1393">
    <p class='ocr_par' dir='ltr' id='par_1_2' title="bbox 1 606 1132 814">
     <span class='ocr_line' id='line_1_2' title="bbox 1 606 1132 700; baseline 0.004 -25"><span class='ocrx_word' id='word_1_5' title='bbox 1 643 2 646; x_wconf 36' lang='lat'>¹</span> <span class='ocrx_word' id='word_1_6' title='bbox 46 624 96 675; x_wconf 86' lang='lat' dir='ltr'><strong>ut</strong></span> <span class='ocrx_word' id='word_1_7' title='bbox 124 621 312 700; x_wconf 84' lang='lat' dir='ltr'><strong>conspectu</strong></span> <span class='ocrx_word' id='word_1_8' title='bbox 330 607 556 699; x_wconf 84' lang='lat' dir='ltr'><strong>trophaeorum</strong></span> <span class='ocrx_word' id='word_1_9' title='bbox 573 608 676 674; x_wconf 84' lang='lat' dir='ltr'><strong>enimi</strong></span> <span class='ocrx_word' id='word_1_10' title='bbox 690 606 834 676; x_wconf 88' lang='lat' dir='ltr'><strong>militum</strong></span> <span class='ocrx_word' id='word_1_11' title='bbox 852 607 1132 691; x_wconf 79' lang='lat' dir='ltr'>accenderentur,</span> 
     </span>
     <span class='ocr_line' id='line_1_3' title="bbox 46 722 487 814; baseline -0.002 -24"><span class='ocrx_word' id='word_1_12' title='bbox 46 723 219 791; x_wconf 87' lang='lat' dir='ltr'><strong>hostium</strong></span> <span class='ocrx_word' id='word_1_13' title='bbox 236 722 487 814; x_wconf 74' lang='lat' dir='ltr'><strong>frangerentur.</strong></span> 
     </span>
    </p>

    <p class='ocr_par' dir='ltr' id='par_1_3' title="bbox 48 833 1136 1250">
     <span class='ocr_line' id='line_1_4' title="bbox 111 833 1134 928; baseline 0.005 -26"><span class='ocrx_word' id='word_1_14' title='bbox 111 837 269 902; x_wconf 65' lang='lat' dir='ltr'><strong>Brennus</strong></span> <span class='ocrx_word' id='word_1_15' title='bbox 286 833 372 901; x_wconf 84' lang='lat' dir='ltr'>dixit</span> <span class='ocrx_word' id='word_1_16' title='bbox 388 860 396 901; x_wconf 72' lang='grc' dir='ltr'>ι</span> <span class='ocrx_word' id='word_1_17' title='bbox 412 833 556 927; x_wconf 83' lang='lat' dir='ltr'><strong>Repleat</strong></span> <span class='ocrx_word' id='word_1_18' title='bbox 571 835 645 926; x_wconf 85' lang='lat' dir='ltr'><strong>ipse</strong></span> <span class='ocrx_word' id='word_1_19' title='bbox 660 837 758 928; x_wconf 87' lang='lat' dir='ltr'><strong>prius</strong></span> <span class='ocrx_word' id='word_1_20' title='bbox 774 835 904 922; x_wconf 78' lang='lat' dir='ltr'>hiatus,</span> <span class='ocrx_word' id='word_1_21' title='bbox 925 852 959 904; x_wconf 93' lang='lat' dir='ltr'><strong>et</strong></span> <span class='ocrx_word' id='word_1_22' title='bbox 975 840 1082 906; x_wconf 82' lang='lat' dir='ltr'><strong>meria</strong></span> <span class='ocrx_word' id='word_1_23' title='bbox 1100 841 1134 907; x_wconf 93' lang='lat' dir='ltr'><strong>in</strong></span> 
     </span>
     <span class='ocr_line' id='line_1_5' title="bbox 48 947 1136 1052; baseline 0.006 -36"><span class='ocrx_word' id='word_1_24' title='bbox 48 951 244 1040; x_wconf 82' lang='lat' dir='ltr'><strong>antiquam</strong></span> <span class='ocrx_word' id='word_1_25' title='bbox 257 948 375 1016; x_wconf 81' lang='lat' dir='ltr'><strong>faciem</strong></span> <span class='ocrx_word' id='word_1_26' title='bbox 390 947 542 1017; x_wconf 78' lang='lat' dir='ltr'><strong>redueat.</strong></span> <span class='ocrx_word' id='word_1_27' title='bbox 558 948 731 1042; x_wconf 81' lang='lat' dir='ltr'><strong>Apparere</strong></span> <span class='ocrx_word' id='word_1_28' title='bbox 743 951 851 1020; x_wconf 83' lang='lat' dir='ltr'><strong>voluit</strong></span> <span class='ocrx_word' id='word_1_29' title='bbox 862 955 1005 1052; x_wconf 83' lang='lat' dir='ltr'><strong>post&#39;eris</strong></span> <span class='ocrx_word' id='word_1_30' title='bbox 1015 978 1136 1046; x_wconf 92' lang='lat' dir='ltr'><strong>quem-</strong></span> 
     </span>
     <span class='ocr_line' id='line_1_6' title="bbox 51 1053 1135 1159; baseline 0.007 -27"><span class='ocrx_word' id='word_1_31' title='bbox 51 1064 252 1132; x_wconf 81' lang='lat' dir='ltr'>admodum</span> <span class='ocrx_word' id='word_1_32' title='bbox 272 1064 405 1132; x_wconf 87' lang='lat' dir='ltr'><strong>venerit</strong></span> <span class='ocrx_word' id='word_1_33' title='bbox 429 1089 437 1131; x_wconf 74' lang='grc' dir='ltr'><strong>ε</strong></span> <span class='ocrx_word' id='word_1_34' title='bbox 460 1059 621 1157; x_wconf 76' lang='lat' dir='ltr'><strong>appareat</strong></span> <span class='ocrx_word' id='word_1_35' title='bbox 643 1067 744 1133; x_wconf 79' lang='lat' dir='ltr'><strong>etiam</strong></span> <span class='ocrx_word' id='word_1_36' title='bbox 771 1053 1053 1159; x_wconf 78' lang='lat' dir='ltr'><strong>quemadmodum</strong></span> <span class='ocrx_word' id='word_1_37' title='bbox 1079 1094 1135 1140; x_wconf 87' lang='lat' dir='ltr'><strong>re-</strong></span> 
     </span>
     <span class='ocr_line' id='line_1_7' title="bbox 55 1181 190 1250; baseline 0.007 -2"><span class='ocrx_word' id='word_1_38' title='bbox 55 1181 190 1250; x_wconf 88' lang='lat' dir='ltr'><strong>dierit.</strong></span> 
     </span>
    </p>

    <p class='ocr_par' dir='ltr' id='par_1_4' title="bbox 116 1295 1137 1393">
     <span class='ocr_line' id='line_1_8' title="bbox 116 1295 1137 1393; baseline 0.007 -30"><span class='ocrx_word' id='word_1_39' title='bbox 116 1301 277 1365; x_wconf 75' lang='lat' dir='ltr'><strong>Tuumne</strong></span> <span class='ocrx_word' id='word_1_40' title='bbox 289 1298 381 1364; x_wconf 87' lang='lat' dir='ltr'><strong>omni</strong></span> <span class='ocrx_word' id='word_1_41' title='bbox 393 1295 531 1366; x_wconf 82' lang='lat' dir='ltr'><strong>dimissa</strong></span> <span class='ocrx_word' id='word_1_42' title='bbox 541 1296 722 1383; x_wconf 83' lang='lat' dir='ltr'><strong>divisione,</strong></span> <span class='ocrx_word' id='word_1_43' title='bbox 734 1315 864 1366; x_wconf 82' lang='lat' dir='ltr'><strong>tantum</strong></span> <span class='ocrx_word' id='word_1_44' title='bbox 875 1299 1035 1369; x_wconf 85' lang='lat' dir='ltr'><strong>exultavit</strong></span> <span class='ocrx_word' id='word_1_45' title='bbox 1044 1302 1137 1393; x_wconf 86' lang='lat' dir='ltr'><strong>quod</strong></span> 
     </span>
    </p>
   </div>
   <div class='ocr_carea' id='block_1_3' title="bbox 56 1402 1291 1508">
    <p class='ocr_par' dir='ltr' id='par_1_5' title="bbox 56 1402 1291 1508">
     <span class='ocr_line' id='line_1_9' title="bbox 56 1402 1291 1508; baseline 0.004 -28"><span class='ocrx_word' id='word_1_46' title='bbox 56 1411 220 1483; x_wconf 86' lang='lat' dir='ltr'><strong>audierit</strong></span> <span class='ocrx_word' id='word_1_47' title='bbox 244 1415 383 1482; x_wconf 78' lang='lat' dir='ltr'><strong>Xerxen</strong></span> <span class='ocrx_word' id='word_1_48' title='bbox 408 1402 527 1482; x_wconf 82' lang='lat' dir='ltr'><strong>venire</strong></span> <span class='ocrx_word' id='word_1_49' title='bbox 549 1411 593 1482; x_wconf 82' lang='lat' dir='ltr'><strong>ed</strong></span> <span class='ocrx_word' id='word_1_50' title='bbox 618 1415 915 1508; x_wconf 30' lang='lat' dir='ltr'><strong>se,&#39;ipsisnovsm</strong></span> <span class='ocrx_word' id='word_1_51' title='bbox 936 1419 1132 1502; x_wconf 77' lang='lat' dir='ltr'><strong>victorium,</strong></span> <span class='ocrx_word' id='word_1_52' title='bbox 1170 1499 1173 1506; x_wconf 18' lang='lat'><strong>⁴</strong></span> <span class='ocrx_word' id='word_1_53' title='bbox 1288 1499 1291 1508; x_wconf 30' lang='grc'><strong>,</strong></span> 
     </span>
    </p>
   </div>
   <div class='ocr_carea' id='block_1_4' title="bbox 42 1526 1147 3698">
    <p class='ocr_par' dir='ltr' id='par_1_6' title="bbox 58 1526 342 1621">
     <span class='ocr_line' id='line_1_10' title="bbox 58 1526 342 1621; baseline -0.011 -23"><span class='ocrx_word' id='word_1_54' title='bbox 58 1553 162 1598; x_wconf 86' lang='lat' dir='ltr'><strong>nova</strong></span> <span class='ocrx_word' id='word_1_55' title='bbox 179 1526 342 1621; x_wconf 77' lang='lat' dir='ltr'><strong>trophaen.</strong></span> 
     </span>
    </p>

    <p class='ocr_par' dir='ltr' id='par_1_7' title="bbox 59 1645 1135 1970">
     <span class='ocr_line' id='line_1_11' title="bbox 117 1645 1135 1738; baseline 0 -25"><span class='ocrx_word' id='word_1_56' title='bbox 117 1646 202 1713; x_wconf 77' lang='lat' dir='ltr'><strong>Suo</strong></span> <span class='ocrx_word' id='word_1_57' title='bbox 218 1645 386 1714; x_wconf 78' lang='lat' dir='ltr'><strong>Ponrnms</strong></span> <span class='ocrx_word' id='word_1_58' title='bbox 400 1660 540 1713; x_wconf 86' lang='lat' dir='ltr'><strong>venusto</strong></span> <span class='ocrx_word' id='word_1_59' title='bbox 558 1669 686 1738; x_wconf 77' lang='lat' dir='ltr'><strong>genere</strong></span> <span class='ocrx_word' id='word_1_60' title='bbox 702 1649 876 1714; x_wconf 76' lang='lat' dir='ltr'><strong>sententie</strong></span> <span class='ocrx_word' id='word_1_61' title='bbox 892 1671 971 1715; x_wconf 86' lang='lat' dir='ltr'><strong>usus</strong></span> <span class='ocrx_word' id='word_1_62' title='bbox 985 1663 1047 1735; x_wconf 73' lang='lat' dir='ltr'><strong>est.</strong></span> <span class='ocrx_word' id='word_1_63' title='bbox 1063 1649 1135 1715; x_wconf 87' lang='lat' dir='ltr'><strong>Nisi</strong></span> 
     </span>
     <span class='ocr_line' id='line_1_12' title="bbox 59 1758 1134 1852; baseline 0.006 -26"><span class='ocrx_word' id='word_1_64' title='bbox 59 1758 207 1842; x_wconf 86' lang='lat' dir='ltr'><strong>tollitis,</strong></span> <span class='ocrx_word' id='word_1_65' title='bbox 228 1761 358 1850; x_wconf 87' lang='lat' dir='ltr'><strong>inquit,</strong></span> <span class='ocrx_word' id='word_1_66' title='bbox 387 1759 534 1852; x_wconf 83' lang='lat' dir='ltr'><strong>trophtea</strong></span> <span class='ocrx_word' id='word_1_67' title='bbox 545 1810 556 1844; x_wconf 96' lang='lat'><strong>,</strong></span> <span class='ocrx_word' id='word_1_68' title='bbox 579 1785 642 1852; x_wconf 83' lang='lat' dir='ltr'><strong>ego</strong></span> <span class='ocrx_word' id='word_1_69' title='bbox 661 1764 793 1830; x_wconf 80' lang='lat' dir='ltr'><strong>venium</strong></span> <span class='ocrx_word' id='word_1_70' title='bbox 812 1789 819 1828; x_wconf 91' lang='lat'>:</span> <span class='ocrx_word' id='word_1_71' title='bbox 836 1761 902 1831; x_wconf 87' lang='lat' dir='ltr'><strong>hoe</strong></span> <span class='ocrx_word' id='word_1_72' title='bbox 919 1766 965 1832; x_wconf 87' lang='lat' dir='ltr'><strong>sit</strong></span> <span class='ocrx_word' id='word_1_73' title='bbox 983 1766 1134 1843; x_wconf 86' lang='lat' dir='ltr'><strong>Xerxes,</strong></span> 
     </span>
     <span class='ocr_line' id='line_1_13' title="bbox 59 1874 828 1970; baseline 0.001 -27"><span class='ocrx_word' id='word_1_74' title='bbox 59 1876 144 1944; x_wconf 80' lang='lat' dir='ltr'><strong>Nisi</strong></span> <span class='ocrx_word' id='word_1_75' title='bbox 163 1876 237 1944; x_wconf 83' lang='lat' dir='ltr'><strong>haee</strong></span> <span class='ocrx_word' id='word_1_76' title='bbox 251 1876 402 1967; x_wconf 82' lang='lat' dir='ltr'><strong>trophoea</strong></span> <span class='ocrx_word' id='word_1_77' title='bbox 421 1876 558 1957; x_wconf 81' lang='lat' dir='ltr'><strong>tollitis,</strong></span> <span class='ocrx_word' id='word_1_78' title='bbox 579 1874 644 1944; x_wconf 83' lang='lat' dir='ltr'><strong>alin</strong></span> <span class='ocrx_word' id='word_1_79' title='bbox 660 1880 828 1970; x_wconf 88' lang='lat' dir='ltr'><strong>ponetis¹.</strong></span> 
     </span>
    </p>

    <p class='ocr_par' dir='ltr' id='par_1_8' title="bbox 56 1989 1138 2776">
     <span class='ocr_line' id='line_1_14' title="bbox 119 1989 1137 2082; baseline 0.006 -24"><span class='ocrx_word' id='word_1_80' title='bbox 119 1989 269 2058; x_wconf 82' lang='lat' dir='ltr'><strong>Alterum</strong></span> <span class='ocrx_word' id='word_1_81' title='bbox 294 2005 424 2082; x_wconf 79' lang='lat' dir='ltr'><strong>partem</strong></span> <span class='ocrx_word' id='word_1_82' title='bbox 440 1989 531 2058; x_wconf 86' lang='lat' dir='ltr'><strong>solus</strong></span> <span class='ocrx_word' id='word_1_83' title='bbox 548 1992 676 2060; x_wconf 68' lang='lat' dir='ltr'><strong>Gamo</strong></span> <span class='ocrx_word' id='word_1_84' title='bbox 694 1991 913 2074; x_wconf 75' lang='lat' dir='ltr'><strong>declamavit,</strong></span> <span class='ocrx_word' id='word_1_85' title='bbox 935 2010 969 2062; x_wconf 89' lang='lat' dir='ltr'><strong>et</strong></span> <span class='ocrx_word' id='word_1_86' title='bbox 985 1995 1137 2064; x_wconf 83' lang='lat' dir='ltr'><strong>hortatus</strong></span> 
     </span>
     <span class='ocr_line' id='line_1_15' title="bbox 63 2101 1134 2198; baseline 0.004 -26"><span class='ocrx_word' id='word_1_87' title='bbox 63 2121 123 2174; x_wconf 88' lang='lat' dir='ltr'><strong>est</strong></span> <span class='ocrx_word' id='word_1_88' title='bbox 150 2101 366 2172; x_wconf 84' lang='lat' dir='ltr'><strong>adtollenda</strong></span> <span class='ocrx_word' id='word_1_89' title='bbox 396 2103 560 2196; x_wconf 71' lang='lat' dir='ltr'><strong>trophea.</strong></span> <span class='ocrx_word' id='word_1_90' title='bbox 587 2106 698 2188; x_wconf 83' lang='lat' dir='ltr'>Dixit,</span> <span class='ocrx_word' id='word_1_91' title='bbox 725 2106 842 2198; x_wconf 68' lang='lat' dir='ltr'><strong>gloriae</strong></span> <span class='ocrx_word' id='word_1_92' title='bbox 865 2106 952 2174; x_wconf 87' lang='lat' dir='ltr'><strong>nihil</strong></span> <span class='ocrx_word' id='word_1_93' title='bbox 976 2107 1134 2176; x_wconf 76' lang='lat' dir='ltr'><strong>detrahi:</strong></span> 
     </span>
     <span class='ocr_line' id='line_1_16' title="bbox 56 2220 1133 2316; baseline 0.004 -29"><span class='ocrx_word' id='word_1_94' title='bbox 56 2242 261 2310; x_wconf 63' lang='lat' dir='ltr'><strong>⁴mansuram</strong></span> <span class='ocrx_word' id='word_1_95' title='bbox 280 2221 369 2286; x_wconf 85' lang='lat' dir='ltr'><strong>enirn</strong></span> <span class='ocrx_word' id='word_1_96' title='bbox 384 2220 580 2288; x_wconf 85' lang='lat' dir='ltr'><strong>memoriam</strong></span> <span class='ocrx_word' id='word_1_97' title='bbox 595 2222 745 2288; x_wconf 72' lang='lat' dir='ltr'><strong>victorine</strong></span> <span class='ocrx_word' id='word_1_98' title='bbox 760 2245 834 2312; x_wconf 83' lang='lat' dir='ltr'><strong>quae</strong></span> <span class='ocrx_word' id='word_1_99' title='bbox 848 2239 1014 2316; x_wconf 83' lang='lat' dir='ltr'><strong>perpetua</strong></span> <span class='ocrx_word' id='word_1_100' title='bbox 1029 2241 1133 2291; x_wconf 87' lang='lat' dir='ltr'><strong>esset:</strong></span> 
     </span>
     <span class='ocr_line' id='line_1_17' title="bbox 63 2317 1135 2430; baseline 0.006 -28"><span class='ocrx_word' id='word_1_101' title='bbox 63 2337 147 2428; x_wconf 82' lang='lat' dir='ltr'><strong>ipse</strong></span> <span class='ocrx_word' id='word_1_102' title='bbox 163 2333 310 2428; x_wconf 77' lang='lat' dir='ltr'><strong>trophea</strong></span> <span class='ocrx_word' id='word_1_103' title='bbox 329 2351 362 2401; x_wconf 90' lang='lat' dir='ltr'><strong>et</strong></span> <span class='ocrx_word' id='word_1_104' title='bbox 380 2337 633 2430; x_wconf 77' lang='lat' dir='ltr'><strong>tempestatibus</strong></span> <span class='ocrx_word' id='word_1_105' title='bbox 651 2352 685 2404; x_wconf 89' lang='lat' dir='ltr'><strong>et</strong></span> <span class='ocrx_word' id='word_1_106' title='bbox 704 2343 801 2404; x_wconf 82' lang='lat' dir='ltr'><strong>aetete</strong></span> <span class='ocrx_word' id='word_1_107' title='bbox 816 2342 965 2408; x_wconf 77' lang='lat' dir='ltr'><strong>consumi</strong></span> <span class='ocrx_word' id='word_1_108' title='bbox 986 2317 1135 2408; x_wconf 81' lang='lat' dir='ltr'><strong>:bellum</strong></span> 
     </span>
     <span class='ocr_line' id='line_1_18' title="bbox 63 2450 1138 2548; baseline 0.002 -26"><span class='ocrx_word' id='word_1_109' title='bbox 63 2450 323 2543; x_wconf 82' lang='lat' dir='ltr'><strong>suscipiendum</strong></span> <span class='ocrx_word' id='word_1_110' title='bbox 344 2451 447 2520; x_wconf 86' lang='lat' dir='ltr'><strong>luisse</strong></span> <span class='ocrx_word' id='word_1_111' title='bbox 471 2473 534 2545; x_wconf 89' lang='lat' dir='ltr'><strong>pro</strong></span> <span class='ocrx_word' id='word_1_112' title='bbox 557 2451 735 2532; x_wconf 79' lang='lat' dir='ltr'><strong>libertate,</strong></span> <span class='ocrx_word' id='word_1_113' title='bbox 754 2476 817 2545; x_wconf 90' lang='lat' dir='ltr'><strong>pro</strong></span> <span class='ocrx_word' id='word_1_114' title='bbox 836 2454 1055 2545; x_wconf 80' lang='lat' dir='ltr'><strong>conjugibus,</strong></span> <span class='ocrx_word' id='word_1_115' title='bbox 1076 2479 1138 2548; x_wconf 87' lang='lat' dir='ltr'><strong>pro</strong></span> 
     </span>
     <span class='ocr_line' id='line_1_19' title="bbox 62 2565 1136 2660; baseline 0 -24"><span class='ocrx_word' id='word_1_116' title='bbox 62 2565 208 2651; x_wconf 57' lang='lat' dir='ltr'><strong>liberie</strong></span> <span class='ocrx_word' id='word_1_117' title='bbox 230 2589 291 2659; x_wconf 84' lang='lat' dir='ltr'><strong>pro</strong></span> <span class='ocrx_word' id='word_1_118' title='bbox 301 2591 338 2633; x_wconf 93' lang='lat' dir='ltr'><strong>re</strong></span> <span class='ocrx_word' id='word_1_119' title='bbox 350 2589 571 2660; x_wconf 83' lang='lat' dir='ltr'><strong>supervacua,</strong></span> <span class='ocrx_word' id='word_1_120' title='bbox 586 2583 620 2634; x_wconf 90' lang='lat' dir='ltr'><strong>et</strong></span> <span class='ocrx_word' id='word_1_121' title='bbox 631 2566 720 2633; x_wconf 94' lang='lat' dir='ltr'><strong>nihil</strong></span> <span class='ocrx_word' id='word_1_122' title='bbox 731 2569 885 2635; x_wconf 82' lang='lat' dir='ltr'><strong>nocitura</strong></span> <span class='ocrx_word' id='word_1_123' title='bbox 897 2570 924 2635; x_wconf 90' lang='lat' dir='ltr'><strong>si</strong></span> <span class='ocrx_word' id='word_1_124' title='bbox 937 2569 1052 2652; x_wconf 86' lang='lat' dir='ltr'><strong>lieret,</strong></span> <span class='ocrx_word' id='word_1_125' title='bbox 1067 2591 1136 2636; x_wconf 92' lang='lat' dir='ltr'><strong>non</strong></span> 
     </span>
     <span class='ocr_line' id='line_1_20' title="bbox 65 2680 1135 2776; baseline -0.001 -24"><span class='ocrx_word' id='word_1_126' title='bbox 65 2707 146 2752; x_wconf 84' lang='lat' dir='ltr'><strong>esse</strong></span> <span class='ocrx_word' id='word_1_127' title='bbox 158 2680 423 2776; x_wconf 84' lang='lat' dir='ltr'><strong>suscipiendum.</strong></span> <span class='ocrx_word' id='word_1_128' title='bbox 440 2683 505 2751; x_wconf 88' lang='lat' dir='ltr'><strong>Hic</strong></span> <span class='ocrx_word' id='word_1_129' title='bbox 522 2681 626 2768; x_wconf 84' lang='lat' dir='ltr'><strong>dixit,</strong></span> <span class='ocrx_word' id='word_1_130' title='bbox 645 2682 764 2774; x_wconf 85' lang='lat' dir='ltr'><strong>utique</strong></span> <span class='ocrx_word' id='word_1_131' title='bbox 781 2681 960 2752; x_wconf 87' lang='lat' dir='ltr'><strong>venturum</strong></span> <span class='ocrx_word' id='word_1_132' title='bbox 977 2686 1135 2766; x_wconf 83' lang='lat' dir='ltr'><strong>Xerxen,</strong></span> 
     </span>
    </p>

    <p class='ocr_par' dir='ltr' id='par_1_9' title="bbox 42 2793 1147 3698">
     <span class='ocr_line' id='line_1_21' title="bbox 42 2793 1137 2888; baseline 0.001 -24"><span class='ocrx_word' id='word_1_133' title='bbox 42 2815 45 2820; x_wconf 79' lang='grc'>’</span> <span class='ocrx_word' id='word_1_134' title='bbox 66 2813 105 2864; x_wconf 85' lang='lat' dir='ltr'><strong>et</strong></span> <span class='ocrx_word' id='word_1_135' title='bbox 123 2795 304 2888; x_wconf 78' lang='lat' dir='ltr'><strong>descripsit</strong></span> <span class='ocrx_word' id='word_1_136' title='bbox 323 2793 483 2863; x_wconf 82' lang='lat' dir='ltr'><strong>adversus</strong></span> <span class='ocrx_word' id='word_1_137' title='bbox 500 2797 591 2886; x_wconf 85' lang='lat' dir='ltr'><strong>ipsos</strong></span> <span class='ocrx_word' id='word_1_138' title='bbox 608 2793 688 2863; x_wconf 85' lang='lat' dir='ltr'><strong>deos</strong></span> <span class='ocrx_word' id='word_1_139' title='bbox 707 2811 889 2863; x_wconf 89' lang='lat' dir='ltr'><strong>tumentem</strong></span> <span class='ocrx_word' id='word_1_140' title='bbox 906 2821 914 2863; x_wconf 74' lang='grc' dir='ltr'><strong><em>ε</em></strong></span> <span class='ocrx_word' id='word_1_141' title='bbox 930 2794 1055 2864; x_wconf 89' lang='lat' dir='ltr'><strong>deinde</strong></span> <span class='ocrx_word' id='word_1_142' title='bbox 1072 2795 1137 2866; x_wconf 78' lang='lat' dir='ltr'><strong>ha-</strong></span> 
     </span>
     <span class='ocr_line' id='line_1_22' title="bbox 65 2911 1138 3004; baseline 0.001 -24"><span class='ocrx_word' id='word_1_143' title='bbox 65 2913 155 2980; x_wconf 85' lang='lat' dir='ltr'><strong>bere</strong></span> <span class='ocrx_word' id='word_1_144' title='bbox 165 2911 634 3004; x_wconf 74' lang='lat' dir='ltr'><strong>illummagnssvireszneque</strong></span> <span class='ocrx_word' id='word_1_145' title='bbox 645 2934 761 2980; x_wconf 89' lang='lat' dir='ltr'><strong>omnes</strong></span> <span class='ocrx_word' id='word_1_146' title='bbox 772 2911 1138 3004; x_wconf 81' lang='lat' dir='ltr'><strong>illumcopiusinGrae-</strong></span> 
     </span>
     <span class='ocr_line' id='line_1_23' title="bbox 66 3017 1137 3122; baseline 0.003 -25"><span class='ocrx_word' id='word_1_147' title='bbox 66 3032 156 3098; x_wconf 80' lang='lat' dir='ltr'><strong>ciem</strong></span> <span class='ocrx_word' id='word_1_148' title='bbox 168 3029 382 3122; x_wconf 86' lang='lat' dir='ltr'><strong>produxisse,</strong></span> <span class='ocrx_word' id='word_1_149' title='bbox 398 3033 463 3096; x_wconf 86' lang='lat' dir='ltr'><strong>ne&#39;c</strong></span> <span class='ocrx_word' id='word_1_150' title='bbox 475 3050 591 3095; x_wconf 90' lang='lat' dir='ltr'><strong>omnes</strong></span> <span class='ocrx_word' id='word_1_151' title='bbox 606 3017 781 3097; x_wconf 70' lang='lat' dir='ltr'><strong>inGraecia</strong></span> <span class='ocrx_word' id='word_1_152' title='bbox 792 3026 981 3121; x_wconf 74' lang='lat' dir='ltr'><strong>perdidisse</strong></span> <span class='ocrx_word' id='word_1_153' title='bbox 992 3055 999 3096; x_wconf 92' lang='lat'>:</span> <span class='ocrx_word' id='word_1_154' title='bbox 1010 3032 1137 3100; x_wconf 89' lang='lat' dir='ltr'><strong>timen-</strong></span> 
     </span>
     <span class='ocr_line' id='line_1_24' title="bbox 67 3141 1147 3216; baseline 0 -4"><span class='ocrx_word' id='word_1_155' title='bbox 67 3145 149 3212; x_wconf 82' lang='lat' dir='ltr'><strong>dam</strong></span> <span class='ocrx_word' id='word_1_156' title='bbox 177 3167 250 3211; x_wconf 88' lang='lat' dir='ltr'><strong>esse</strong></span> <span class='ocrx_word' id='word_1_157' title='bbox 278 3143 421 3213; x_wconf 85' lang='lat' dir='ltr'><strong>sortunae</strong></span> <span class='ocrx_word' id='word_1_158' title='bbox 444 3141 640 3212; x_wconf 81' lang='lat' dir='ltr'><strong>varietatem</strong></span> <span class='ocrx_word' id='word_1_159' title='bbox 666 3145 869 3212; x_wconf 79' lang='lat' dir='ltr'><strong>:exhaustus</strong></span> <span class='ocrx_word' id='word_1_160' title='bbox 897 3169 970 3214; x_wconf 84' lang='lat' dir='ltr'><strong>esse</strong></span> <span class='ocrx_word' id='word_1_161' title='bbox 997 3147 1147 3216; x_wconf 77' lang='lat' dir='ltr'><strong>Groeeim.</strong></span> 
     </span>
     <span class='ocr_line' id='line_1_25' title="bbox 65 3259 1139 3358; baseline 0.001 -31"><span class='ocrx_word' id='word_1_162' title='bbox 65 3262 178 3338; x_wconf 80' lang='lat' dir='ltr'><strong>vires,</strong></span> <span class='ocrx_word' id='word_1_163' title='bbox 204 3283 267 3328; x_wconf 85' lang='lat' dir='ltr'><strong>nec</strong></span> <span class='ocrx_word' id='word_1_164' title='bbox 283 3283 381 3352; x_wconf 79' lang='lat' dir='ltr'><strong>posse</strong></span> <span class='ocrx_word' id='word_1_165' title='bbox 394 3259 464 3352; x_wconf 84' lang='lat' dir='ltr'><strong>jum</strong></span> <span class='ocrx_word' id='word_1_166' title='bbox 484 3261 554 3358; x_wconf 80' lang='lat' dir='ltr'><strong>peti</strong></span> <span class='ocrx_word' id='word_1_167' title='bbox 572 3259 714 3328; x_wconf 85' lang='lat' dir='ltr'><strong>alterum</strong></span> <span class='ocrx_word' id='word_1_168' title='bbox 735 3259 878 3342; x_wconf 92' lang='lat' dir='ltr'><strong>bellum;</strong></span> <span class='ocrx_word' id='word_1_169' title='bbox 895 3259 946 3326; x_wconf 92' lang='lat' dir='ltr'><strong>illi</strong></span> <span class='ocrx_word' id='word_1_170' title='bbox 964 3283 1039 3328; x_wconf 83' lang='lat' dir='ltr'><strong>esse</strong></span> <span class='ocrx_word' id='word_1_171' title='bbox 1069 3265 1139 3328; x_wconf 90' lang='lat' dir='ltr'><strong>im-</strong></span> 
     </span>
     <span class='ocr_line' id='line_1_26' title="bbox 67 3373 1138 3446; baseline 0.001 -3"><span class='ocrx_word' id='word_1_172' title='bbox 67 3397 219 3443; x_wconf 80' lang='lat' dir='ltr'><strong>mensam</strong></span> <span class='ocrx_word' id='word_1_173' title='bbox 235 3374 487 3444; x_wconf 86' lang='lat' dir='ltr'><strong>multitudinem</strong></span> <span class='ocrx_word' id='word_1_174' title='bbox 499 3375 687 3443; x_wconf 85' lang='lat' dir='ltr'><strong>hominum.</strong></span> <span class='ocrx_word' id='word_1_175' title='bbox 705 3377 778 3442; x_wconf 88' lang='lat' dir='ltr'><strong>Hoc</strong></span> <span class='ocrx_word' id='word_1_176' title='bbox 793 3373 867 3442; x_wconf 89' lang='lat' dir='ltr'><strong>loeo</strong></span> <span class='ocrx_word' id='word_1_177' title='bbox 882 3374 1138 3446; x_wconf 82' lang='lat' dir='ltr'><strong>disertissimum</strong></span> 
     </span>
     <span class='ocr_line' id='line_1_27' title="bbox 69 3488 1135 3581; baseline 0.001 -23"><span class='ocrx_word' id='word_1_178' title='bbox 69 3491 273 3558; x_wconf 86' lang='lat' dir='ltr'><strong>sententiam</strong></span> <span class='ocrx_word' id='word_1_179' title='bbox 302 3488 403 3570; x_wconf 83' lang='lat' dir='ltr'><strong>dixit,</strong></span> <span class='ocrx_word' id='word_1_180' title='bbox 436 3513 512 3581; x_wconf 82' lang='lat' dir='ltr'><strong>quae</strong></span> <span class='ocrx_word' id='word_1_181' title='bbox 535 3489 591 3558; x_wconf 81' lang='lat' dir='ltr'><strong>vel</strong></span> <span class='ocrx_word' id='word_1_182' title='bbox 615 3492 651 3556; x_wconf 94' lang='lat' dir='ltr'><strong>in</strong></span> <span class='ocrx_word' id='word_1_183' title='bbox 670 3489 840 3570; x_wconf 82' lang='lat' dir='ltr'><strong>oratione,</strong></span> <span class='ocrx_word' id='word_1_184' title='bbox 863 3489 918 3556; x_wconf 86' lang='lat' dir='ltr'><strong>vel</strong></span> <span class='ocrx_word' id='word_1_185' title='bbox 938 3489 975 3556; x_wconf 91' lang='lat' dir='ltr'><strong>in</strong></span> <span class='ocrx_word' id='word_1_186' title='bbox 993 3490 1135 3560; x_wconf 76' lang='lat' dir='ltr'><strong>historia</strong></span> 
     </span>
     <span class='ocr_line' id='line_1_28' title="bbox 68 3604 1134 3698; baseline 0.003 -27"><span class='ocrx_word' id='word_1_187' title='bbox 68 3605 230 3698; x_wconf 86' lang='lat' dir='ltr'><strong>ponitur²</strong></span> <span class='ocrx_word' id='word_1_188' title='bbox 250 3632 258 3670; x_wconf 76' lang='grc' dir='ltr'>ι</span> <span class='ocrx_word' id='word_1_189' title='bbox 275 3606 411 3673; x_wconf 90' lang='lat' dir='ltr'><strong>Diutius</strong></span> <span class='ocrx_word' id='word_1_190' title='bbox 425 3604 474 3670; x_wconf 94' lang='lat' dir='ltr'><strong>illi</strong></span> <span class='ocrx_word' id='word_1_191' title='bbox 490 3605 604 3697; x_wconf 83' lang='lat' dir='ltr'><strong>perire</strong></span> <span class='ocrx_word' id='word_1_192' title='bbox 619 3619 778 3697; x_wconf 86' lang='lat' dir='ltr'><strong>possunt,</strong></span> <span class='ocrx_word' id='word_1_193' title='bbox 796 3628 895 3694; x_wconf 83' lang='lat' dir='ltr'><strong>quam</strong></span> <span class='ocrx_word' id='word_1_194' title='bbox 912 3629 973 3672; x_wconf 86' lang='lat' dir='ltr'><strong>nos</strong></span> <span class='ocrx_word' id='word_1_195' title='bbox 987 3606 1134 3674; x_wconf 83' lang='lat' dir='ltr'><strong>vincere.</strong></span> 
     </span>
    </p>
   </div>
   <div class='ocr_carea' id='block_1_5' title="bbox 69 3779 1142 4325">
    <p class='ocr_par' dir='ltr' id='par_1_10' title="bbox 69 3779 1142 4325">
     <span class='ocr_line' id='line_1_29' title="bbox 107 3779 1140 3851; baseline 0.002 -21"><span class='ocrx_word' id='word_1_196' title='bbox 107 3798 129 3830; x_wconf 86' lang='lat' dir='ltr'><strong>r.</strong></span> <span class='ocrx_word' id='word_1_197' title='bbox 145 3780 209 3831; x_wconf 76' lang='lat' dir='ltr'><strong>Alia</strong></span> <span class='ocrx_word' id='word_1_198' title='bbox 224 3785 333 3849; x_wconf 79' lang='lat' dir='ltr'><strong>ponetis.</strong></span> <span class='ocrx_word' id='word_1_199' title='bbox 348 3779 384 3833; x_wconf 72' lang='lat' dir='ltr'><strong>lte</strong></span> <span class='ocrx_word' id='word_1_200' title='bbox 397 3780 581 3851; x_wconf 72' lang='lat' dir='ltr'><strong>interpretatur,</strong></span> <span class='ocrx_word' id='word_1_201' title='bbox 666 3802 688 3831; x_wconf 70' lang='grc' dir='ltr'><strong>α.</strong></span> <span class='ocrx_word' id='word_1_202' title='bbox 704 3779 771 3850; x_wconf 79' lang='lat' dir='ltr'><strong>Qua</strong></span> <span class='ocrx_word' id='word_1_203' title='bbox 783 3785 826 3834; x_wconf 84' lang='lat' dir='ltr'><strong>vel</strong></span> <span class='ocrx_word' id='word_1_204' title='bbox 835 3786 864 3835; x_wconf 88' lang='lat' dir='ltr'><strong>in</strong></span> <span class='ocrx_word' id='word_1_205' title='bbox 874 3787 989 3836; x_wconf 82' lang='lat' dir='ltr'><strong>emtione</strong></span> <span class='ocrx_word' id='word_1_206' title='bbox 1001 3783 1043 3834; x_wconf 73' lang='lat' dir='ltr'><strong>vel</strong></span> <span class='ocrx_word' id='word_1_207' title='bbox 1054 3784 1080 3832; x_wconf 86' lang='lat' dir='ltr'><strong>in</strong></span> <span class='ocrx_word' id='word_1_208' title='bbox 1094 3781 1140 3833; x_wconf 79' lang='lat' dir='ltr'><strong>lu·-</strong></span> 
     </span>
     <span class='ocr_line' id='line_1_30' title="bbox 69 3855 1140 3927; baseline 0.001 -19"><span class='ocrx_word' id='word_1_209' title='bbox 69 3855 143 3926; x_wconf 82' lang='lat' dir='ltr'><strong>quati</strong></span> <span class='ocrx_word' id='word_1_210' title='bbox 151 3856 243 3909; x_wconf 80' lang='lat' dir='ltr'><strong>Xerxes</strong></span> <span class='ocrx_word' id='word_1_211' title='bbox 251 3857 399 3924; x_wconf 78' lang='lat' dir='ltr'><strong>mintrctur,</strong></span> <span class='ocrx_word' id='word_1_212' title='bbox 408 3857 583 3918; x_wconf 79' lang='lat' dir='ltr'><strong>Athenienses.</strong></span> <span class='ocrx_word' id='word_1_213' title='bbox 631 3863 712 3912; x_wconf 79' lang='lat' dir='ltr'><strong>storia</strong></span> <span class='ocrx_word' id='word_1_214' title='bbox 720 3864 833 3927; x_wconf 81' lang='lat' dir='ltr'><strong>ponitur.</strong></span> <span class='ocrx_word' id='word_1_215' title='bbox 846 3859 949 3914; x_wconf 86' lang='lat' dir='ltr'><strong>Scribe:</strong></span> <span class='ocrx_word' id='word_1_216' title='bbox 958 3870 1079 3927; x_wconf 73' lang='lat' dir='ltr'><strong>ponatur,</strong></span> <span class='ocrx_word' id='word_1_217' title='bbox 1090 3861 1140 3909; x_wconf 79' lang='lat' dir='ltr'><strong>Ar-</strong></span> 
     </span>
     <span class='ocr_line' id='line_1_31' title="bbox 69 3932 1141 4012; baseline 0 -26"><span class='ocrx_word' id='word_1_218' title='bbox 69 3933 120 3986; x_wconf 77' lang='lat' dir='ltr'><strong>nisi</strong></span> <span class='ocrx_word' id='word_1_219' title='bbox 129 3932 247 3987; x_wconf 81' lang='lat' dir='ltr'><strong>tollerent</strong></span> <span class='ocrx_word' id='word_1_220' title='bbox 256 3935 375 4009; x_wconf 69' lang='lat' dir='ltr'><strong>trophea,</strong></span> <span class='ocrx_word' id='word_1_221' title='bbox 386 3935 434 3988; x_wconf 76' lang='lat' dir='ltr'><strong>elin</strong></span> <span class='ocrx_word' id='word_1_222' title='bbox 446 3934 581 4009; x_wconf 81' lang='lat' dir='ltr'><strong>posituros:</strong></span> <span class='ocrx_word' id='word_1_223' title='bbox 630 3950 680 4008; x_wconf 69' lang='lat' dir='ltr'><strong>que</strong></span> <span class='ocrx_word' id='word_1_224' title='bbox 692 3957 721 3990; x_wconf 79' lang='lat' dir='ltr'><strong>ex</strong></span> <span class='ocrx_word' id='word_1_225' title='bbox 730 3939 770 3990; x_wconf 83' lang='lat' dir='ltr'><strong>his</strong></span> <span class='ocrx_word' id='word_1_226' title='bbox 780 3939 956 4012; x_wconf 74' lang='lat' dir='ltr'><strong>intelliguntur</strong></span> <span class='ocrx_word' id='word_1_227' title='bbox 965 3937 1009 3990; x_wconf 72' lang='lat' dir='ltr'><strong>ills</strong></span> <span class='ocrx_word' id='word_1_228' title='bbox 1020 3937 1141 3990; x_wconf 67' lang='lat' dir='ltr'><strong>Contron</strong></span> 
     </span>
     <span class='ocr_line' id='line_1_32' title="bbox 69 4011 1141 4088; baseline 0 -23"><span class='ocrx_word' id='word_1_229' title='bbox 69 4033 150 4084; x_wconf 83' lang='lat' dir='ltr'><strong>quum</strong></span> <span class='ocrx_word' id='word_1_230' title='bbox 169 4012 279 4087; x_wconf 76' lang='lat' dir='ltr'><strong>intelligi</strong></span> <span class='ocrx_word' id='word_1_231' title='bbox 291 4011 368 4080; x_wconf 83' lang='lat' dir='ltr'><strong>velit,</strong></span> <span class='ocrx_word' id='word_1_232' title='bbox 383 4015 417 4068; x_wconf 78' lang='lat' dir='ltr'><strong>ita</strong></span> <span class='ocrx_word' id='word_1_233' title='bbox 432 4028 580 4068; x_wconf 74' lang='lat' dir='ltr'><strong>eventurum</strong></span> <span class='ocrx_word' id='word_1_234' title='bbox 630 4016 662 4068; x_wconf 86' lang='lat'><strong>8:</strong></span> <span class='ocrx_word' id='word_1_235' title='bbox 675 4039 687 4062; x_wconf 75' lang='lat' dir='ltr'><strong>c</strong></span> <span class='ocrx_word' id='word_1_236' title='bbox 699 4015 802 4069; x_wconf 84' lang='lat' dir='ltr'><strong>Diocles</strong></span> <span class='ocrx_word' id='word_1_237' title='bbox 818 4017 944 4088; x_wconf 78' lang='lat' dir='ltr'><strong>Carystius</strong></span> <span class='ocrx_word' id='word_1_238' title='bbox 963 4015 1024 4068; x_wconf 78' lang='lat' dir='ltr'><strong>dirit</strong></span> <span class='ocrx_word' id='word_1_239' title='bbox 1035 4028 1141 4069; x_wconf 81' lang='lat' dir='ltr'><strong>sentcn-</strong></span> 
     </span>
     <span class='ocr_line' id='line_1_33' title="bbox 69 4090 1141 4164; baseline 0.001 -22"><span class='ocrx_word' id='word_1_240' title='bbox 69 4090 125 4142; x_wconf 82' lang='lat' dir='ltr'><strong>sine</strong></span> <span class='ocrx_word' id='word_1_241' title='bbox 138 4090 232 4154; x_wconf 88' lang='lat' dir='ltr'><strong>dubio,</strong></span> <span class='ocrx_word' id='word_1_242' title='bbox 251 4091 431 4161; x_wconf 21' lang='lat' dir='ltr'><strong>utnvinceretur</strong></span> <span class='ocrx_word' id='word_1_243' title='bbox 443 4095 549 4160; x_wconf 78' lang='lat' dir='ltr'><strong>Xerxes,</strong></span> <span class='ocrx_word' id='word_1_244' title='bbox 561 4094 582 4147; x_wconf 83' lang='lat' dir='ltr'><strong>si</strong></span> <span class='ocrx_word' id='word_1_245' title='bbox 631 4094 703 4160; x_wconf 71' lang='lat' dir='ltr'><strong>tiam,</strong></span> <span class='ocrx_word' id='word_1_246' title='bbox 716 4115 774 4164; x_wconf 77' lang='lat' dir='ltr'><strong>quse</strong></span> <span class='ocrx_word' id='word_1_247' title='bbox 786 4095 877 4148; x_wconf 85' lang='lat' dir='ltr'><strong>nonin</strong></span> <span class='ocrx_word' id='word_1_248' title='bbox 892 4095 1072 4147; x_wconf 72' lang='lat' dir='ltr'><strong>declamatione</strong></span> <span class='ocrx_word' id='word_1_249' title='bbox 1085 4105 1141 4144; x_wconf 80' lang='lat' dir='ltr'><strong>tan-</strong></span> 
     </span>
     <span class='ocr_line' id='line_1_34' title="bbox 69 4167 1142 4245; baseline 0.001 -24"><span class='ocrx_word' id='word_1_250' title='bbox 69 4167 166 4221; x_wconf 81' lang='lat' dir='ltr'><strong>bellum</strong></span> <span class='ocrx_word' id='word_1_251' title='bbox 186 4169 305 4232; x_wconf 77' lang='lat' dir='ltr'><strong>inferret,</strong></span> <span class='ocrx_word' id='word_1_252' title='bbox 324 4190 403 4240; x_wconf 84' lang='lat' dir='ltr'><strong>coque</strong></span> <span class='ocrx_word' id='word_1_253' title='bbox 418 4171 521 4225; x_wconf 82' lang='lat' dir='ltr'><strong>nornine</strong></span> <span class='ocrx_word' id='word_1_254' title='bbox 534 4171 583 4228; x_wconf 80' lang='lat' dir='ltr'><strong>tlia</strong></span> <span class='ocrx_word' id='word_1_255' title='bbox 634 4185 687 4223; x_wconf 89' lang='lat' dir='ltr'><strong>turn</strong></span> <span class='ocrx_word' id='word_1_256' title='bbox 696 4186 779 4245; x_wconf 82' lang='lat' dir='ltr'><strong>posset</strong></span> <span class='ocrx_word' id='word_1_257' title='bbox 790 4173 897 4245; x_wconf 83' lang='lat' dir='ltr'><strong>placere,</strong></span> <span class='ocrx_word' id='word_1_258' title='bbox 908 4171 951 4224; x_wconf 86' lang='lat' dir='ltr'><strong>scd</strong></span> <span class='ocrx_word' id='word_1_259' title='bbox 962 4169 1034 4224; x_wconf 77' lang='lat' dir='ltr'><strong>etiem</strong></span> <span class='ocrx_word' id='word_1_260' title='bbox 1045 4173 1073 4225; x_wconf 87' lang='lat' dir='ltr'><strong>in</strong></span> <span class='ocrx_word' id='word_1_261' title='bbox 1082 4169 1142 4222; x_wconf 82' lang='lat' dir='ltr'><strong>soll·</strong></span> 
     </span>
     <span class='ocr_line' id='line_1_35' title="bbox 70 4247 1142 4325; baseline 0 -26"><span class='ocrx_word' id='word_1_262' title='bbox 70 4247 181 4318; x_wconf 69' lang='lat' dir='ltr'><strong>trophea</strong></span> <span class='ocrx_word' id='word_1_263' title='bbox 196 4248 368 4300; x_wconf 75' lang='lat' dir='ltr'><strong>excitarentur.</strong></span> <span class='ocrx_word' id='word_1_264' title='bbox 382 4247 479 4303; x_wconf 75' lang='lat' dir='ltr'><strong>Schult.</strong></span> <span class='ocrx_word' id='word_1_265' title='bbox 635 4249 799 4321; x_wconf 73' lang='lat' dir='ltr'><strong>‹lioreeliquo</strong></span> <span class='ocrx_word' id='word_1_266' title='bbox 808 4251 891 4325; x_wconf 79' lang='lat' dir='ltr'><strong>scripti</strong></span> <span class='ocrx_word' id='word_1_267' title='bbox 906 4271 1007 4323; x_wconf 78' lang='lat' dir='ltr'><strong>genere.</strong></span> <span class='ocrx_word' id='word_1_268' title='bbox 1020 4273 1033 4300; x_wconf 71' lang='lat' dir='ltr'><strong>s</strong></span> <span class='ocrx_word' id='word_1_269' title='bbox 1044 4250 1142 4303; x_wconf 80' lang='lat' dir='ltr'><strong>Schult·</strong></span> 
     </span>
    </p>
   </div>
   <div class='ocr_carea' id='block_1_6' title="bbox 0 0 1467 4784">
    <p class='ocr_par' dir='ltr' id='par_1_11' title="bbox 0 0 1467 4784">
     <span class='ocr_line' id='line_1_36' title="bbox 0 0 1467 4784; baseline 0 0"><span class='ocrx_word' id='word_1_270' title='bbox 0 0 1467 4784; x_wconf 95' lang='lat' dir='ltr'><strong> </strong></span> 
     </span>
    </p>
   </div>
  </div>
 </body>
</html>
