2874 4808
313 465 386 553 >340
638 469 684 532 M.
711 466 854 534 ANNAEI
879 466 1055 533 SENECAE

368 597 509 664 Bnuunt.
530 593 677 687 Ohjioist
694 592 773 661 lieet
799 591 958 678 vincula,
981 593 1151 685 nunquam
1172 583 1274 669 umen
1291 591 1356 659 effi-

321 715 405 795 ciet,
427 727 465 780 ut
488 735 556 780 non
573 713 681 801 magis
704 733 840 779 carcere
864 693 1015 803 glorier(
1031 733 1131 802 quam
1150 711 1362 778 matrimonio..

320 829 456 897 Diversi
473 841 553 896 sunt
568 826 740 894 hominum
758 825 917 913 affeetus3
933 841 971 893 tu
983 824 1122 896 fortasse
1130 877 1142 910 ‚
1159 827 1277 910 Callia,
1291 826 1354 892 vin·

320 942 396 1010 cula
415 941 506 1009 ferre
521 965 593 1011 non
609 957 705 1034 potes
726 967 734 1007 z
754 963 817 1032 ego
833 938 1021 1009 adulteram
1042 963 1192 1008 uxorem.
1209 937 1355 1032 Effugient

320 1080 402 1150 ergo
416 1057 581 1143 adulteri,
600 1073 758 1150 tanquam
775 1056 926 1148 alligatas
942 1055 1093 1126 Cimonis
1107 1057 1247 1124 manus?

367 1173 585 1240 Anaunion.
608 1171 831 1265 Redemptum
853 1194 907 1239 me
928 1171 1082 1264 protinus
1095 1169 1261 1266 appellare
1273 1169 1355 1259 cupit

318 1286 361 1354 de
380 1286 459 1356 filiae
483 1289 623 1382 nuptiis.
643 1288 784 1372 Statim,
803 1289 940 1378 inquam
951 1337 962 1372 ,
978 1287 1105 1375 'Callias
1125 1286 1299 1381 experitur,
1317 1303 1353 1348 an

318 1416 434 1493 gratus
454 1405 517 1472 sim
536 1402 649 1472 :habe
672 1403 776 1470 liliam
800 1403 874 1469 sine
896 1403 1057 1490 Cimone3
1078 1426 1141 1495 pro
1166 1425 1231 1470 una
1255 1413 1353 1492 rogat,

319 1516 404 1586 duos
423 1521 528 1614 eripit
543 1526 567 1585 ¹.
1193 1583 1195 1588 .

364 1635 483 1724 Funvn
506 1635 630 1701 Srtnsr.
653 1633 718 1702 Dic
738 1655 828 1711 nuno
837 1682 848 1718 ,
869 1635 940 1726 Ego
955 1648 988 1700 te
1002 1654 1139 1700 carcere
1152 1632 1255 1700 exemi
1271 1654 1278 1694 :
1293 1625 1354 1692 dnm

317 1773 380 1844 ego
397 1748 642 1842 respondeam,
664 1751 734 1840 Ego
752 1771 805 1816 me
825 1751 959 1816 oaroeri
971 1746 1108 1816 tradidi.
1129 1749 1297 1840 Nunquam
1313 1741 1356 1810 el-

233 1957 238 1966 .
317 1867 375 1939 fici
391 1867 534 1960 poterit,
557 1881 595 1932 ut
612 1862 731 1932 melius
758 1878 869 1933 aetum
895 1882 1010 1959 putem
1039 1864 1132 1958 quod
1155 1889 1175 1934 a
1199 1861 1296 1945 Callia
1313 1881 1356 1925 re·

318 1982 473 2074 demptus
497 1972 592 2068 sum,
620 2005 721 2072 quam
740 1979 832 2073 quod
855 2005 917 2074 pro
938 1981 1092 2052 Miltiade
1109 1983 1271 2075 alligatus.
1287 1976 1356 2046 Filia

318 2118 375 2169 tua
401 2099 540 2168 abstulit
569 2098 632 2167 tibi
657 2121 821 2190 generum
846 2099 1034 2168 Cimonem.
1066 2099 1196 2167 Ductus
1215 2111 1261 2165 est
1280 2107 1357 2186 patet

319 2241 411 2286 meus
427 2217 464 2284 in
480 2237 651 2310 carcerem
661 2217 690 2300 ²,
708 2214 892 2282 etiamnum
909 2205 1051 2308 motivis
1066 2215 1137 2283 suis
1153 2215 1282 2308 plenum
1295 2206 1316 2275 ³.

366 2333 456 2398 Jurn
472 2331 669 2398 Glemona.
689 2327 915 2412 Beneficium,
937 2329 1071 2419 inquit,
1093 2329 1157 2396 tibi
1174 2323 1266 2409 dedi,
1285 2319 1358 2416 quod

319 2447 424 2516 filiam
446 2445 509 2528 tibi
536 2444 711 2514 collocavi.
741 2445 841 2512 Nunc
866 2467 977 2535 vero,k
990 2443 1167 2527 Miltiade,
1197 2443 1357 2538 gratiorem

320 2563 488 2632 fortunam
504 2584 641 2630 carcere
658 2561 813 2628 sustineo.
845 2557 970 2628 Callias
999 2574 1114 2629 tecum
1138 2558 1358 2630 communicate

319 2679 558 2774 dignatusest.
583 2681 656 2771 Ego
674 2699 727 2745 me
748 2674 960 2768 redemptum
981 2675 1162 2769 putabam,
1187 2677 1261 2746 filiae
1282 2671 1359 2740 istius

319 2812 451 2889 emptus
468 2819 555 2861 sum.
575 2794 750 2861 steterumt
765 2807 844 2858 aute
869 2791 983 2859 oculos
1003 2816 1096 2866 meos
1118 2794 1274 2884 majorum
1287 2791 1359 2855 ima-

320 2913 435 3004 gines,
457 2910 691 2998 immissusque
705 2905 785 2975 sede
802 2931 861 2976 sua
877 2907 1068 2994 Miltiades,
1089 2911 1257 3003 majestate
1269 2909 1361 2996 impe·

322 3028 447 3094 ratoria
466 3023 619 3104 refulsit,
640 3037 675 3090 et
692 3022 815 3092 iterum
834 3046 925 3092 meas
939 3025 1111 3093 invocavit
1127 3048 1274 3092 manus.¹
1396 3017 1399 3025 ’

371 3147 461 3210 loon
479 3143 583 3208 Bassr.
600 3139 714 3208 Callioe
728 3140 833 3209 filiam
847 3165 984 3209 uxorem
998 3141 1097 3227 duxi3
1115 3141 1204 3212 hano
1220 3139 1294 3217 tibi,
1309 3155 1361 3226 pt·

321 3273 388 3342 ter,
410 3257 570 3351 injuriam
595 3257 677 3341 ieci,
698 3255 778 3324 dum
794 3258 946 3348 ingratus
967 3280 1040 3326 esse
1059 3257 1151 3326 nolo.
1171 3256 1296 3326 Placeas
1312 3245 1359 3316 tibi

322 3439 391 3494 certi.
410 3441 494 3493 Veros
514 3441 583 3493 euim
603 3461 647 3512 pro
664 3451 743 3495 certos
761 3439 831 3494 dixit.
882 3438 985 3492 victoris
996 3439 1069 3509 potiti
1082 3439 1145 3493 alios
1158 3437 1362 3508 conjeceram·

323 3519 361 3571 Itu
371 3519 498 3588 ambiguo
509 3519 615 3572 Salamis
625 3519 737 3593 opposite
747 3519 779 3572 sd
788 3539 832 3572 se-
883 3517 939 3569 dem
955 3518 1119 3571 ducerentur:
1131 3530 1155 3570 et
1166 3516 1320 3570 inhumanum
1329 3521 1361 3556 ιθ*

328 3615 395 3648 mm.
408 3593 511 3648 Schutt.
882 3613 972 3647 rnsnus
983 3594 1091 3648 vinculis
1099 3594 1214 3668 alligari,
1225 3608 1276 3663 que
1284 3587 1361 3640 loon

363 3673 512 3728 1.Prouno
524 3675 851 3744 mgae,doosm·pts.1nt.·
883 3672 1046 3738 recidissent,
1070 3674 1224 3744 patriamque
1240 3670 1362 3722 servasset

327 3749 430 3824 legitur,
440 3771 490 3819 pro
499 3771 553 3804 uno
564 3761 652 3820 ment,
663 3753 730 3804 duos
741 3754 833 3820 eripit,
883 3751 915 3805 Τ.
921 3750 1007 3804 Livius
1016 3751 1047 3804 do
1054 3751 1152 3804 Manlio
1161 3746 1296 3822 Capitolino
1303 3743 1316 3794 l.
1323 3737 1363 3800 Vl,

326 3829 354 3881 in
364 3829 615 3896 hoseumont,
625 3841 654 3882 ut
663 3829 694 3882 de
702 3829 755 3882 lilia
766 3829 836 3900 eius-
885 3841 910 3882 et
922 3829 954 3881 de
964 3828 992 3881 L.
1001 3828 1119 3902 Scipione
1130 3828 1249 3890 Asiatico,
1261 3816 1363 3894 quemll·

328 3927 377 3977 quo
394 3908 494 3962 moeclro
512 3906 637 3978 loquetur.
657 3906 793 3975 Quomodo
813 3921 838 3959 et
884 3907 1048 3978 Sempronius
1066 3905 1207 3971 Gracchus,
1225 3904 1278 3956 lieet
1292 3893 1364 3951 inimi·

329 3983 371 4037 hic
383 3985 431 4056 leg.
442 4003 542 4038 censeo.
552 3983 648 4038 Schott.
885 4003 941 4046 eus,
951 3985 1108 4038 intercedens
1117 3985 1143 4037 in
1151 3981 1249 4037 uincula
1259 3975 1311 4032 duci
1319 3989 1364 4044 prs·

364 4079 387 4114 α.
398 4061 501 4132 Ductus
511 4073 550 4115 est
558 4073 636 4129 poter
647 4081 719 4118 meus
736 4067 762 4114 in
775 4082 837 4116 cor-
885 4061 976 4116 hibuit
989 4061 1084 4120 Schott.

328 4159 424 4203 comm,
438 4142 838 4216 etolndignnmsempsrestju-
919 4141 944 4196 3.
965 4144 1079 4212 Captivis
1099 4145 1154 4197 suis
1177 4144 1285 4210 ptem
1303 4124 1363 4200 ΟΜ

326 4213 455 4284 dicatum,
477 4229 504 4268 ut
522 4238 574 4287 quo
591 4216 673 4272 hostes
694 4217 740 4290 ipsi
762 4220 837 4273 dures
887 4239 965 4291 quum
990 4219 1195 4294 gloriosissimum
1221 4213 1362 4272 mistim»
