2878 4816
259 462 696 536 conrnovnsstsuuu
718 465 800 532 ms.
827 465 882 545 11,
911 461 965 529 ιε.
1087 443 1164 557 237·

74 591 168 660 aliud
181 615 288 684 quam
305 607 346 660 ut
362 593 532 660 fortunam
547 614 656 659 meum
669 613 815 682 querur3
837 613 916 657 nam
929 611 1063 658 cauum
1076 615 1153 660 me·-

73 707 141 776 lius
156 730 219 776 vos
234 708 357 774 mats.
384 705 535 798 Tempus
558 721 631 789 est,
651 705 789 776 ludices
799 755 813 789 ,
837 705 881 773 de
900 722 1007 774 uxore
1024 721 1059 774 et
1076 731 1154 775 ma-

73 824 140 894 rito
157 820 258 892 credi
273 871 283 905 ,
301 821 479 890 mulierem
494 823 565 888 tam'
578 821 757 890 formosam
779 822 885 890 amari
899 823 1062 915 potuisse.
1078 824 1154 892 Pu-

72 939 151 1010 dice
168 940 259 1008 forte
276 940 329 1008 sic
344 939 470 1022 amari,
497 962 541 1007 ne
554 938 948 1032 sollicitantem-potnit.
963 943 1092 1032 -Neque
1103 958 1155 1011 est
1237 965 1239 972 ·

71 1056 169 1148 qnod
185 1057 280 1125 dicet
304 1058 406 1125 :Non
421 1056 458 1123 in
476 1079 550 1124 meo
567 1054 660 1124 istud
671 1055 816 1124 arbitrio
839 1059 1000 1149 positum.
1023 1060 1152 1128 Erratis

73 1195 145 1256 ros,
157 1176 179 1242 l
181 1172 313 1254 udices,
329 1175 440 1242 sinon
452 1170 691 1240 marimumed
702 1171 949 1240 sollicitandam
965 1188 1153 1244 matronam

73 1291 204 1382 putatis
215 1290 467 1358 irritamentum
490 1310 583 1379 spem
601 1285 861 1379 corrumpendi,
888 1287 1042 1379 quamvis
1064 1289 1153 1357 iaci·

74 1401 162 1489 lem,
184 1403 344 1495 quamvis
367 1400 545 1470 amabilem
569 1423 696 1470 sexum.
723 1402 759 1470 Si
791 1416 920 1470 tantum
943 1403 979 1469 in
1006 1403 1152 1473 formosa

74 1521 209 1613 sperari
224 1533 358 1613 potest,
379 1533 541 1610 quantum
557 1516 695 1610 placere
713 1533 843 1609 potest,
867 1541 988 1586 omncs*
1000 1519 1156 1590 formose

76 1637 112 1704 in
126 1659 165 1704 se
184 1637 366 1704 universos
383 1634 527 1727 populos
545 1649 787 1702 converterent
800 1639 825 1700 ¹.
847 1637 1004 1704 Matrona
1028 1611 1103 1728 qum
1121 1661 1159 1705 se

75 1750 242 1820 adversus
252 1749 475 1818 sollicitantes
486 1750 596 1816 aviam
612 1748 724 1834 volet,
739 1749 881 1843 prodeat
897 1753 934 1819 in
948 1765 1077 1820 tuntum
1096 1775 1157 1818 or-

76 1885 182 1954 nata,
202 1891 250 1936 ne
268 1863 442 1934 immunda
460 1868 504 1933 sit
522 1893 530 1932 ι
553 1865 679 1934 hsbcat
694 1867 833 1935 comites
851 1868 925 1958 ejus
947 1869 1075 1954 etatis,
1095 1871 1154 1960 qui

77 1979 292 2076 impudicos,
313 1981 342 2048 si
370 1978 457 2048 nibil
482 1978 594 2060 aliud,
617 1979 835 2048 verecundia
851 2005 1017 2050 annorum
1043 2003 1157 2050 remo·

76 2113 178 2166 reant
198 2125 208 2164 ε
231 2097 319 2164 fetat
331 2097 485 2188 jacentes
498 2098 671 2164 interram
688 2097 804 2166 oculos
821 2124 828 2164 :
846 2095 1010 2166 adversus
1026 2099 1158 2166 cilicio·

77 2233 150 2278 sum
165 2210 386 2279 salutatorem
399 2209 585 2278 inhumane
598 2211 712 2302 potius
727 2234 827 2302 quam
841 2211 1073 2280 inverecunda
1086 2213 1129 2280 sit
1145 2237 1154 2280 τ

78 2331 180 2398 etiam
206 2329 245 2396 in
271 2328 495 2396 necessariam
525 2325 732 2395 resalutandi
757 2329 864 2394 vicem
893 2328 1000 2396 multo
1030 2328 1157 2398 rubore

77 2443 234 2524 confusa,
246 2441 349 2533 longe
358 2457 436 2510 ante
446 2442 694 2533 impudicitiam
707 2457 899 2533 negatore,
917 2466 1017 2532 quem
1033 2442 1155 2510 verbo.

78 2560 118 2626 ln
130 2559 200 2626 hac
213 2555 389 2626 servande
403 2555 609 2650 integritatis
622 2557 776 2626 custodia
790 2555 884 2624 nulla
897 2555 1005 2624 libido
1025 2556 1159 2624 irrum-
1267 2599 1272 2612 ·

76 2690 148 2766 pet.
166 2671 311 2742 Prodite
326 2671 410 2742 mibi
424 2671 536 2740 fronte
555 2673 592 2741 in
604 2697 705 2742 omne
717 2672 928 2744 lenocinium
939 2673 1153 2765 composita,

79 2790 182 2884 paulo
204 2789 384 2859 obscurius
404 2813 505 2881 quam
526 2789 634 2883 posita
655 2804 750 2858 veste
772 2789 873 2859 nudie
884 2839 896 2870 ,
919 2787 1090 2880 exquisito
1116 2789 1153 2856 in

80 2929 198 2976 omnes
216 2905 354 2974 facetias
375 2927 547 2986 sermone,
570 2921 699 2975 tentum
720 2931 790 2976 non
805 2907 896 2976 ultro
914 2905 1154 2988 blandientes,

79 3039 116 3092 nt
128 3020 291 3116 quisquis
303 3020 456 3104 viderit,
477 3047 546 3090 non
564 3039 691 3092 metuat
706 3022 883 3092 accedere.
900 3021 1035 3092 Deinde
1048 3020 1158 3092 mita-

79 3140 178 3220 mini,
198 3139 228 3208 si
244 3163 350 3230 quum
365 3154 415 3207 tot
432 3140 644 3232 argumentis
656 3138 856 3233 pudicitiam
872 3139 1156 3232 'proscripserit,

81 3361 164 3434 potuit
176 3361 249 3415 enirn
261 3361 288 3413 in
300 3373 420 3433 potestate
433 3358 518 3413 mariti
531 3380 598 3413 con·
648 3357 814 3430 appellentur,
828 3377 888 3411 nrm
906 3371 930 3412 rt
947 3359 975 3412 in
989 3375 1029 3414 ιιι
1040 3358 1160 3426 Tabulis,

80 3439 185 3503 mura,
200 3439 252 3492 niti
270 3458 300 3491 eo
315 3452 415 3492 auctore
425 3439 597 3493 haereditatem
648 3439 800 3490 Auctoritas
811 3456 856 3510 pro
868 3438 922 3508 jure
935 3437 1053 3490 dominii.
1063 3438 1160 3492 didon.

81 3514 257 3568 tibirslictam
274 3515 450 3570 cerneretsed
470 3535 499 3569 ea
514 3516 598 3569 mariti
683 3515 1161 3586 t.0mnessomosaeinreunirersor
1234 3546 1238 3556 ·

83 3595 218 3650 iutuitu
235 3593 308 3662 νέμω
324 3597 404 3664 χάριν,
420 3594 523 3648 absente
538 3614 597 3647 ma-
626 3597 937 3662 ,populosconrertsrent
946 3593 1024 3664 Quod
1034 3613 1102 3646 nunc
1112 3592 1159 3646 nri·

82 3670 129 3724 tito
138 3706 149 3738 ,
158 3672 200 3724 rel
211 3672 364 3743 ignorante,
377 3671 595 3745 interponebatur.
647 3688 694 3720 nus
704 3665 746 3733 fit,
758 3669 818 3738 qnia
828 3668 1158 3740 mutmpudieirisiaviusr

83 3749 193 3821 ideoque
205 3751 241 3802 ait
249 3768 276 3801 se
284 3764 413 3802 auctorem
421 3749 527 3810 dictum,
536 3750 596 3819 quis
645 3747 806 3818 eteorrumpi
815 3743 971 3802 difficillime
977 3759 1109 3818 tuumne
1117 3745 1158 3798 vul

83 3829 163 3901 stipa
174 3847 229 3880 non
246 3825 303 3878 l'uit.
315 3825 350 3877 Ν.
366 3825 461 3878 Faber.
469 3823 601 3904 *Smplff
645 3822 764 3896 appellari
786 3824 947 3880 obesissimus
964 3825 1079 3899 injuria
1100 3824 1158 3878 loco

84 3906 157 3958 abar
174 3905 225 3975 leg·
240 3903 278 3956 In
296 3921 379 3971 quum
394 3906 477 3955 etrum
494 3905 597 3954 mnino
647 3902 860 3960 ducanttl’cltult.

84 3985 295 4038 undamn
302 3981 402 4032 dictum
412 3990 457 4032 est.
467 3981 526 4032 lam
536 3997 596 4032 vern
680 4002 702 4035 a.
717 3979 807 4052 Quum
825 3993 862 4036 tot
876 3987 1038 4051 argumentis
1052 3984 1159 4050 pedru-

85 4058 193 4125 mini,
204 4057 309 4132 paulum
318 4055 397 4110 modo
406 4055 432 4107 in
440 4055 488 4108 JC.
499 4054 597 4127 seriptis
645 4064 906 4131 tiampnrcripterit·
913 4060 1160 4128 Palimpudicitiom

85 4150 182 4192 rento
194 4137 331 4190 obscurum
343 4153 397 4187 ests
407 4147 501 4207 potest,
512 4133 597 4206 quiin
644 4143 839 4209 proscripserit,
856 4137 927 4208 qrrod
946 4136 1050 4191 delendi
1063 4149 1087 4188 et
1099 4156 1158 4207 pro·

87 4213 279 4268 md'nionibut
290 4213 416 4266 Auream
428 4224 453 4265 ct
470 4211 496 4266 in
507 4212 598 4266 Tutela
647 4213 702 4267 bari
711 4234 798 4268 rernm
807 4215 948 4288 ertvirgil.
956 4214 1054 4268 autes
1063 4211 1161 4268 Pboebo
