2874 4796
290 459 355 542 438
610 457 656 518 M.
684 454 827 520 ANNJFJ
851 455 1029 521 SENECAE
1061 491 1070 504 ·
1099 479 1101 487 ’

291 609 358 653 non
380 584 572 676 permittis?
587 585 645 649 vis
665 585 699 648 in
725 599 756 648 te
774 583 907 673 judices
931 608 1022 654 more
1043 601 1099 652 tuo
1119 586 1357 655 misericordes

291 701 377 784 sint,
398 717 456 766 tuo
472 698 651 791 exemplo?

339 814 556 884 decanatum.
573 816 729 909 Quorum
748 841 853 908 quum
869 816 997 907 ubique
1014 818 1197 885 audiantur
1215 843 1351 911 preces,

291 935 326 997 in
341 955 400 998 sua
414 913 543 998 lantum
557 953 672 998 caussa
687 947 830 998 cessant.
845 931 1054 1023 Adjiciamus
1067 932 1198 1026 aliquid
1211 933 1256 1002 ad
1271 959 1356 1026 quse-

291 1047 394 1112 stum¹
416 1067 423 1106 :
443 1043 541 1111 deme
555 1043 637 1112 huie
651 1044 783 1124 oculos,
801 1043 852 1111 illi
870 1067 1001 1112 manus.

340 1163 479 1230 dautur
494 1162 592 1228 Fuscr
606 1182 728 1228 aereis.
747 1161 970 1246 Praecidatur,
988 1163 1117 1254 inquit,
1142 1164 1280 1262 lingua3
1302 1189 1358 1256 ge·

199 1325 206 1346 2
292 1299 355 1352 nus
372 1290 424 1346 cst
439 1274 601 1367 rogandi,
622 1299 743 1366 rogare
761 1299 831 1344 non
850 1282 986 1370 posee².
1010 1278 1221 1346 Miseremini
1240 1280 1357 1346 horum

291 1391 459 1472 omnium,
476 1389 625 1471 iudices,
642 1413 786 1481 quorum
802 1392 954 1458 misereri
968 1393 1068 1459 etiam
1083 1393 1295 1484 singulorum
1309 1418 1359 1461 so·

291 1506 382 1574 letis.
1003 1597 1007 1604 Ι

340 1625 453 1692 Cssru
468 1624 598 1691 P11.·Ut
611 1623 700 1690 hanc
711 1645 844 1692 causam
859 1626 1087 1716 susciperem,
1106 1647 1151 1691 ne
1163 1623 1209 1692 ab
1222 1628 1274 1693 eis
1288 1627 1359 1717 qui·

294 1739 370 1808 dem
399 1755 535 1830 rogatus
561 1763 654 1824 sum,
684 1763 747 1830 pro
774 1738 898 1830 quibus
920 1762 1003 1831 ago,
1025 1739 1110 1830 quid
1136 1742 1227 1807 enim
1249 1741 1360 1809 miseri

293 1881 416 1950 rogare
440 1858 570 1939 sciunt,
598 1857 663 1924 uisi
691 1857 841 1948 stipem?
859 1857 943 1947 quid
973 1855 1089 1923 infelix
1118 1857 1181 1924 iste
1210 1859 1360 1949 peccavit

293 1969 409 2054 aliud,
430 1993 529 2061 quam
547 1970 638 2062 quod
655 1971 842 2038 natusest?

343 2089 463 2157 cnonn
472 2087 617 2156 Tueatur
629 2112 750 2154 rarnrs.
766 2089 840 2180 Age
853 2089 880 2155 ei
895 2090 972 2179 quis
984 2085 1161 2178 agnoverit
1172 2113 1285 2170 suurn,
1303 2116 1363 2182 pe-

295 2220 345 2271 tes
370 2203 552 2279 alimenta,
582 2217 740 2293 tanquam
764 2203 915 2271 alueris?
939 2226 1007 2271 uon
1027 2218 1078 2270 est
1104 2204 1195 2293 quod
1220 2206 1360 2286 timeas,

295 2341 394 2386 nemo
412 2332 581 2409 agnoscet.
599 2317 824 2403 Omiseram,
846 2319 873 2385 ei
899 2318 977 2409 quie
1003 2317 1163 2386 alimenta
1196 2343 1258 2388 sno
1283 2318 1361 2387 dat!

294 2461 314 2505 0
333 2437 516 2516 miserum,
541 2436 570 2502 si
591 2433 707 2525 negat!
731 2436 780 2502 lta
803 2458 865 2504 nos
883 2436 956 2504 istis
980 2435 1163 2504 vindictam
1180 2454 1365 2528 negaturos

294 2570 415 2646 putas,
436 2551 560 2643 quibus
577 2574 621 2619 ne
640 2550 677 2618 id
695 2550 832 2643 quidem
855 2575 1036 2643 negamus,
1059 2552 1152 2644 quod
1169 2553 1233 2621 tibi
1251 2554 1364 2622 daturi

295 2672 386 2739 siut?
400 2673 442 2737 Et
458 2666 551 2761 quod
566 2685 616 2736 est
629 2666 922 2761 indignissimum,
942 2669 1091 2737 crudelis
1104 2691 1209 2760 quum
1223 2671 1286 2756 sit,
1301 2673 1366 2737 mi-

296 2783 479 2853 sericordia
498 2780 634 2875 publica
651 2781 767 2848 alitur.
788 2783 911 2850 Venite
919 2831 929 2868 ,
949 2783 1083 2863 miseri,
1112 2798 1146 2848 et
1168 2781 1271 2851 hodic
1292 2786 1368 2877 pri-

295 2925 384 2970 mum
403 2899 499 2968 robis
516 2915 647 2990 rofflte.

344 3019 534 3082 lilanronrs.
559 3017 683 3081 Errant
701 3015 815 3082 miseri
836 3016 927 3082 circa
945 3036 1124 3109 parentum
1141 3041 1280 3086 suorum
1299 3016 1366 3086 do·

296 3154 366 3198 mos
384 3157 393 3196 ε
410 3145 443 3198 e't
465 3129 604 3198 sortasse
624 3129 747 3221 aliquis
761 3153 780 3197 a
794 3147 891 3224 patre
915 3131 1073 3202 alimenta
1098 3159 1166 3203 nou
1189 3137 1363 3230 impetrat.

295 3242 387 3311 Nulli
398 3242 632 3336 plueredduut
646 3246 779 3336 integra
793 3247 972 3340 mancipia.
987 3248 1058 3315 Cur
1072 3263 1189 3360 tutam
1205 3251 1366 3343 exiguum

296 3437 400 3490 rendam
415 3438 541 3490 adferrent
552 3437 680 3490 educatori
690 3457 735 3490 suo
750 3439 804 3492 hec
888 3459 910 3489 a.
924 3437 1013 3492 Genus
1022 3453 1061 3494 est
1072 3444 1184 3510 rogandi
1190 3482 1197 3503 ,
1214 3461 1305 3510 rugare
1315 3463 1368 3496 non

191 3559 195 3576 ,
297 3513 482 3567 mendicabula.
502 3513 615 3566 Petreius
635 3520 804 3568 mercenarios
851 3537 934 3588 posse.
943 3519 973 3570 B.
985 3517 1159 3591 Hieronymus
1170 3521 1198 3572 in
1208 3521 1324 3594 Epistola
1335 3524 1368 3575 ed

297 3592 440 3658 divinabat,
454 3613 502 3662 que
517 3592 590 3645 etiam
604 3612 665 3646 voce
676 3593 768 3644 Bassus
778 3592 804 3644 in
855 3595 1045 3650 Pernmarhiern
1065 3617 1140 3670 super
1156 3599 1229 3652 obitu
1249 3597 1368 3666 Potine,

297 3671 343 3723 hac
364 3672 417 3743 ipsa
436 3670 557 3723 Contror·
580 3671 683 3724 utitur:
703 3669 805 3743 propius
855 3676 934 3728 multe
946 3696 974 3728 ex
986 3675 1033 3728 hac
1046 3675 1225 3730 Controversia
1238 3677 1367 3741 imitatus,

296 3762 380 3801 tamen
394 3750 465 3802 abest
475 3751 663 3810 incendiarios,
679 3759 704 3801 et
718 3749 805 3800 Festus
855 3764 881 3806 et
891 3765 1017 3806 mutuatus
1027 3765 1064 3807 est
1073 3772 1080 3806 ε
1090 3753 1200 3818 «Alius,
1215 3755 1314 3826 inquit,
1328 3770 1368 3810 tu·

297 3833 475 3884 Menedemus
504 3851 519 3882 a
547 3831 663 3886 mercede
685 3829 807 3884 solvenda
856 3832 935 3885 menti
955 3831 1098 3902 aqualiculo
1117 3844 1226 3884 mortem
1245 3835 1368 3905 parturit.

298 3909 377 3962 dictos
390 3908 453 3961 olim
467 3909 510 3961 eit.
856 3909 919 3963 alius
940 3909 1048 3980 elinguis
1070 3925 1094 3962 et
1112 3921 1214 3977 mutus,
1229 3923 1255 3962 et
1268 3932 1300 3964 ne
1319 3913 1369 3964 hoe

333 4009 354 4041 r.
372 3989 538 4052 Adjiciamus
559 3990 665 4058 aliquid
677 3987 717 4038 ad
731 4003 807 4054 puoe-
856 3987 959 4058 quidem
979 3987 1076 4041 liabens
1096 3986 1163 4040 trude
1184 4001 1272 4061 roget,
1287 3990 1369 4062 magis

297 4079 374 4124 stum.
387 4067 529 4127 Invidisse,
541 4087 597 4138 quse
609 4067 691 4119 dicere
702 4081 806 4116 cousue-
856 4079 927 4136 rogat
941 4066 1002 4118 dunt
1014 4084 1104 4140 rogere
1117 4085 1168 4118 nou
1181 4080 1262 4138 potest
1272 4067 1313 4120 hir
1326 4067 1369 4120 de·

298 4157 367 4197 verat
384 4145 471 4210 dives,
491 4145 531 4197 his
548 4144 634 4218 repetit
640 4166 648 4209 3
666 4144 700 4196 ita
713 4154 736 4196 et
748 4161 806 4194 mox
854 4145 975 4210 bilitatus,
988 4155 1045 4210 ete,
1057 4165 1072 4196 a
1083 4163 1160 4218 parre
1171 4164 1224 4198 non
1235 4145 1286 4200 sibi
1298 4165 1370 4200 meu·

300 4223 416 4276 Arellius.
427 4224 528 4277 Setun.
856 4222 919 4274 dicat
932 4223 1029 4294 stipem,
1043 4235 1108 4276 etc.»
1120 4222 1155 4273 N.
1169 4219 1268 4276 Faber.
