<?xml version="1.0" encoding="UTF-8"?>
<!DOCTYPE html PUBLIC "-//W3C//DTD XHTML 1.0 Transitional//EN"
    "http://www.w3.org/TR/xhtml1/DTD/xhtml1-transitional.dtd">
<html xmlns="http://www.w3.org/1999/xhtml" xml:lang="en" lang="en">
 <head>
  <title>
</title>
<meta http-equiv="Content-Type" content="text/html;charset=utf-8" />
  <meta name='ocr-system' content='tesseract 3.04.00' />
  <meta name='ocr-capabilities' content='ocr_page ocr_carea ocr_par ocr_line ocrx_word'/>
</head>
<body>
  <div class='ocr_page' id='page_1' title='image "./lannsenecparspr00bouigoog_0328.png"; bbox 0 0 2842 4812; ppageno 0'>
   <div class='ocr_carea' id='block_1_1' title="bbox 280 435 1021 507">
    <p class='ocr_par' dir='ltr' id='par_1_1' title="bbox 280 435 1021 507">
     <span class='ocr_line' id='line_1_1' title="bbox 280 435 1021 507; baseline 0.007 -5"><span class='ocrx_word' id='word_1_1' title='bbox 280 435 344 502; x_wconf 75' lang='lat' dir='ltr'><strong>trs</strong></span> <span class='ocrx_word' id='word_1_2' title='bbox 521 499 526 507; x_wconf 88' lang='grc'><strong>,</strong></span> <span class='ocrx_word' id='word_1_3' title='bbox 600 438 649 503; x_wconf 87' lang='grc' dir='ltr'><strong>Μ.</strong></span> <span class='ocrx_word' id='word_1_4' title='bbox 674 435 820 506; x_wconf 76' lang='lat' dir='ltr'><strong>ANNAEI</strong></span> <span class='ocrx_word' id='word_1_5' title='bbox 842 435 1021 506; x_wconf 69' lang='lat' dir='ltr'><strong>SENEAEAE</strong></span> 
     </span>
    </p>
   </div>
   <div class='ocr_carea' id='block_1_2' title="bbox 191 544 1413 3788">
    <p class='ocr_par' dir='ltr' id='par_1_2' title="bbox 276 544 1349 1123">
     <span class='ocr_line' id='line_1_2' title="bbox 278 544 1349 661; baseline 0.009 -31"><span class='ocrx_word' id='word_1_6' title='bbox 278 560 406 630; x_wconf 84' lang='lat' dir='ltr'><strong>nnilsrn</strong></span> <span class='ocrx_word' id='word_1_7' title='bbox 422 583 495 629; x_wconf 83' lang='lat' dir='ltr'><strong>esse</strong></span> <span class='ocrx_word' id='word_1_8' title='bbox 513 544 631 630; x_wconf 78' lang='lat' dir='ltr'><strong>snetnm</strong></span> <span class='ocrx_word' id='word_1_9' title='bbox 653 561 904 656; x_wconf 72' lang='lat' dir='ltr'><strong>proditionem,</strong></span> <span class='ocrx_word' id='word_1_10' title='bbox 926 565 987 636; x_wconf 84' lang='lat' dir='ltr'><strong>sed</strong></span> <span class='ocrx_word' id='word_1_11' title='bbox 1004 589 1040 634; x_wconf 79' lang='lat' dir='ltr'><strong>te</strong></span> <span class='ocrx_word' id='word_1_12' title='bbox 1053 564 1267 661; x_wconf 71' lang='lat' dir='ltr'><strong>proditorem</strong></span> <span class='ocrx_word' id='word_1_13' title='bbox 1277 593 1349 640; x_wconf 82' lang='lat' dir='ltr'><strong>non</strong></span> 
     </span>
     <span class='ocr_line' id='line_1_3' title="bbox 278 681 1349 780; baseline 0.01 -34"><span class='ocrx_word' id='word_1_14' title='bbox 278 701 364 747; x_wconf 79' lang='lat' dir='ltr'><strong>esse.</strong></span> <span class='ocrx_word' id='word_1_15' title='bbox 391 681 434 746; x_wconf 86' lang='lat' dir='ltr'><strong>Et</strong></span> <span class='ocrx_word' id='word_1_16' title='bbox 460 695 655 773; x_wconf 78' lang='lat' dir='ltr'><strong>suspectus,</strong></span> <span class='ocrx_word' id='word_1_17' title='bbox 679 681 815 774; x_wconf 82' lang='lat' dir='ltr'><strong>inquit,</strong></span> <span class='ocrx_word' id='word_1_18' title='bbox 836 682 946 774; x_wconf 77' lang='lat' dir='ltr'><strong>jndioi</strong></span> <span class='ocrx_word' id='word_1_19' title='bbox 965 700 1038 766; x_wconf 80' lang='lat' dir='ltr'><strong>eet,</strong></span> <span class='ocrx_word' id='word_1_20' title='bbox 1066 687 1127 778; x_wconf 88' lang='lat' dir='ltr'><strong>qni</strong></span> <span class='ocrx_word' id='word_1_21' title='bbox 1145 686 1225 780; x_wconf 86' lang='lat' dir='ltr'><strong>pius</strong></span> <span class='ocrx_word' id='word_1_22' title='bbox 1246 713 1349 780; x_wconf 75' lang='lat' dir='ltr'><strong>quem</strong></span> 
     </span>
     <span class='ocr_line' id='line_1_4' title="bbox 277 793 1349 896; baseline 0.01 -35"><span class='ocrx_word' id='word_1_23' title='bbox 277 816 314 862; x_wconf 87' lang='lat' dir='ltr'><strong>se</strong></span> <span class='ocrx_word' id='word_1_24' title='bbox 334 793 487 863; x_wconf 77' lang='lat' dir='ltr'><strong>defendit</strong></span> <span class='ocrx_word' id='word_1_25' title='bbox 505 822 514 863; x_wconf 76' lang='grc' dir='ltr'>ι</span> <span class='ocrx_word' id='word_1_26' title='bbox 530 812 563 864; x_wconf 87' lang='lat' dir='ltr'><strong>et</strong></span> <span class='ocrx_word' id='word_1_27' title='bbox 581 795 662 865; x_wconf 88' lang='lat' dir='ltr'><strong>nolo</strong></span> <span class='ocrx_word' id='word_1_28' title='bbox 679 821 754 864; x_wconf 88' lang='lat' dir='ltr'><strong>cnm</strong></span> <span class='ocrx_word' id='word_1_29' title='bbox 773 797 836 864; x_wconf 83' lang='lat' dir='ltr'><strong>filii</strong></span> <span class='ocrx_word' id='word_1_30' title='bbox 853 822 937 867; x_wconf 83' lang='lat' dir='ltr'><strong>voce</strong></span> <span class='ocrx_word' id='word_1_31' title='bbox 954 823 1106 893; x_wconf 73' lang='lat' dir='ltr'><strong>pugnare</strong></span> <span class='ocrx_word' id='word_1_32' title='bbox 1115 850 1127 887; x_wconf 93' lang='lat'><strong>,</strong></span> <span class='ocrx_word' id='word_1_33' title='bbox 1145 817 1184 882; x_wconf 84' lang='lat' dir='ltr'><strong>nt</strong></span> <span class='ocrx_word' id='word_1_34' title='bbox 1197 803 1349 896; x_wconf 79' lang='lat' dir='ltr'><strong>impers-</strong></span> 
     </span>
     <span class='ocr_line' id='line_1_5' title="bbox 276 910 1349 1008; baseline 0.008 -31"><span class='ocrx_word' id='word_1_35' title='bbox 276 923 384 978; x_wconf 81' lang='lat' dir='ltr'><strong>torem</strong></span> <span class='ocrx_word' id='word_1_36' title='bbox 398 925 432 978; x_wconf 91' lang='lat' dir='ltr'><strong>et</strong></span> <span class='ocrx_word' id='word_1_37' title='bbox 445 911 554 978; x_wconf 83' lang='lat' dir='ltr'><strong>fliium</strong></span> <span class='ocrx_word' id='word_1_38' title='bbox 569 912 745 980; x_wconf 87' lang='lat' dir='ltr'><strong>mentitum</strong></span> <span class='ocrx_word' id='word_1_39' title='bbox 760 910 867 982; x_wconf 83' lang='lat' dir='ltr'><strong>dicam</strong></span> <span class='ocrx_word' id='word_1_40' title='bbox 887 916 1101 1008; x_wconf 83' lang='lat' dir='ltr'><strong>:praesertim</strong></span> <span class='ocrx_word' id='word_1_41' title='bbox 1111 939 1217 1007; x_wconf 79' lang='lat' dir='ltr'><strong>quum</strong></span> <span class='ocrx_word' id='word_1_42' title='bbox 1229 915 1349 986; x_wconf 74' lang='lat' dir='ltr'><strong>odium</strong></span> 
     </span>
     <span class='ocr_line' id='line_1_6' title="bbox 276 1025 882 1123; baseline 0.003 -29"><span class='ocrx_word' id='word_1_43' title='bbox 276 1025 438 1094; x_wconf 80' lang='lat' dir='ltr'><strong>adversus</strong></span> <span class='ocrx_word' id='word_1_44' title='bbox 453 1026 562 1095; x_wconf 85' lang='lat' dir='ltr'><strong>filium</strong></span> <span class='ocrx_word' id='word_1_45' title='bbox 580 1026 766 1120; x_wconf 82' lang='lat' dir='ltr'><strong>objicietur</strong></span> <span class='ocrx_word' id='word_1_46' title='bbox 779 1032 882 1123; x_wconf 83' lang='lat' dir='ltr'><strong>patri.</strong></span> 
     </span>
    </p>

    <p class='ocr_par' dir='ltr' id='par_1_3' title="bbox 276 1133 1352 1467">
     <span class='ocr_line' id='line_1_7' title="bbox 327 1133 1352 1241; baseline 0.009 -32"><span class='ocrx_word' id='word_1_47' title='bbox 327 1133 488 1209; x_wconf 69' lang='lat' dir='ltr'><strong>Aisnrros</strong></span> <span class='ocrx_word' id='word_1_48' title='bbox 511 1141 547 1207; x_wconf 90' lang='lat' dir='ltr'><strong>in</strong></span> <span class='ocrx_word' id='word_1_49' title='bbox 568 1139 652 1209; x_wconf 84' lang='lat' dir='ltr'><strong>dunt</strong></span> <span class='ocrx_word' id='word_1_50' title='bbox 676 1156 792 1235; x_wconf 74' lang='lat' dir='ltr'><strong>parter</strong></span> <span class='ocrx_word' id='word_1_51' title='bbox 815 1142 1091 1214; x_wconf 83' lang='lat' dir='ltr'><strong>declamationem</strong></span> <span class='ocrx_word' id='word_1_52' title='bbox 1113 1145 1250 1237; x_wconf 80' lang='lat' dir='ltr'><strong>dirisit3</strong></span> <span class='ocrx_word' id='word_1_53' title='bbox 1271 1151 1352 1241; x_wconf 86' lang='lat' dir='ltr'><strong>pri·</strong></span> 
     </span>
     <span class='ocr_line' id='line_1_8' title="bbox 277 1255 1345 1365; baseline 0.008 -39"><span class='ocrx_word' id='word_1_54' title='bbox 277 1280 368 1327; x_wconf 88' lang='lat' dir='ltr'><strong>mum</strong></span> <span class='ocrx_word' id='word_1_55' title='bbox 386 1257 523 1351; x_wconf 77' lang='lat' dir='ltr'><strong>negavit</strong></span> <span class='ocrx_word' id='word_1_56' title='bbox 541 1255 643 1358; x_wconf 71' lang='lat' dir='ltr'><strong>ulipm</strong></span> <span class='ocrx_word' id='word_1_57' title='bbox 667 1282 740 1327; x_wconf 78' lang='lat' dir='ltr'><strong>esee</strong></span> <span class='ocrx_word' id='word_1_58' title='bbox 759 1259 988 1353; x_wconf 88' lang='lat' dir='ltr'><strong>proditionem</strong></span> <span class='ocrx_word' id='word_1_59' title='bbox 1006 1288 1015 1326; x_wconf 76' lang='grc' dir='ltr'><em>τ</em></span> <span class='ocrx_word' id='word_1_60' title='bbox 1031 1261 1155 1365; x_wconf 70' lang='lat' dir='ltr'><strong>deinde</strong></span> <span class='ocrx_word' id='word_1_61' title='bbox 1176 1279 1215 1333; x_wconf 92' lang='lat' dir='ltr'><strong>ut</strong></span> <span class='ocrx_word' id='word_1_62' title='bbox 1237 1282 1345 1347; x_wconf 82' lang='lat' dir='ltr'><strong>esset,</strong></span> 
     </span>
     <span class='ocr_line' id='line_1_9' title="bbox 276 1372 665 1467; baseline -0.003 -26"><span class='ocrx_word' id='word_1_63' title='bbox 276 1372 320 1441; x_wconf 85' lang='lat' dir='ltr'><strong>nd</strong></span> <span class='ocrx_word' id='word_1_64' title='bbox 337 1397 373 1442; x_wconf 84' lang='lat' dir='ltr'><strong>se</strong></span> <span class='ocrx_word' id='word_1_65' title='bbox 390 1399 459 1442; x_wconf 91' lang='lat' dir='ltr'><strong>non</strong></span> <span class='ocrx_word' id='word_1_66' title='bbox 476 1375 665 1467; x_wconf 87' lang='lat' dir='ltr'><strong>pertinere.</strong></span> 
     </span>
    </p>

    <p class='ocr_par' dir='ltr' id='par_1_4' title="bbox 215 1491 1347 1585">
     <span class='ocr_line' id='line_1_10' title="bbox 215 1491 1347 1585; baseline 0.005 -25"><span class='ocrx_word' id='word_1_67' title='bbox 215 1501 216 1504; x_wconf 75' lang='grc'>’</span> <span class='ocrx_word' id='word_1_68' title='bbox 324 1491 488 1560; x_wconf 86' lang='lat' dir='ltr'><strong>COLOR.</strong></span> <span class='ocrx_word' id='word_1_69' title='bbox 509 1491 666 1560; x_wconf 87' lang='lat' dir='ltr'><strong>Colorem</strong></span> <span class='ocrx_word' id='word_1_70' title='bbox 688 1507 805 1560; x_wconf 78' lang='lat' dir='ltr'><strong>contra</strong></span> <span class='ocrx_word' id='word_1_71' title='bbox 826 1511 955 1585; x_wconf 76' lang='lat' dir='ltr'><strong>patrem</strong></span> <span class='ocrx_word' id='word_1_72' title='bbox 973 1495 1053 1564; x_wconf 77' lang='lat' dir='ltr'><strong>Sino</strong></span> <span class='ocrx_word' id='word_1_73' title='bbox 1066 1497 1235 1564; x_wconf 77' lang='lat' dir='ltr'><strong>Pomms</strong></span> <span class='ocrx_word' id='word_1_74' title='bbox 1251 1495 1347 1566; x_wconf 79' lang='lat' dir='ltr'><strong>hune</strong></span> 
     </span>
    </p>

    <p class='ocr_par' dir='ltr' id='par_1_5' title="bbox 247 1606 1346 1928">
     <span class='ocr_line' id='line_1_11' title="bbox 247 1606 1344 1709; baseline 0.005 -35"><span class='ocrx_word' id='word_1_75' title='bbox 247 1633 251 1663; x_wconf 74' lang='grc' dir='ltr'>ι</span> <span class='ocrx_word' id='word_1_76' title='bbox 275 1606 483 1709; x_wconf 74' lang='lat' dir='ltr'><strong>introdnxit,</strong></span> <span class='ocrx_word' id='word_1_77' title='bbox 510 1607 588 1676; x_wconf 92' lang='lat' dir='ltr'><strong>odio</strong></span> <span class='ocrx_word' id='word_1_78' title='bbox 605 1608 700 1676; x_wconf 86' lang='lat' dir='ltr'><strong>ilium</strong></span> <span class='ocrx_word' id='word_1_79' title='bbox 729 1608 1038 1702; x_wconf 83' lang='lat' dir='ltr'><strong>reipublioaenqun</strong></span> <span class='ocrx_word' id='word_1_80' title='bbox 1063 1611 1220 1704; x_wconf 75' lang='lat' dir='ltr'><strong>repulsus</strong></span> <span class='ocrx_word' id='word_1_81' title='bbox 1244 1627 1344 1698; x_wconf 82' lang='lat' dir='ltr'><strong>erat,</strong></span> 
     </span>
     <span class='ocr_line' id='line_1_12' title="bbox 275 1722 1346 1820; baseline 0.004 -28"><span class='ocrx_word' id='word_1_82' title='bbox 275 1723 416 1806; x_wconf 78' lang='lat' dir='ltr'><strong>fecitte,</strong></span> <span class='ocrx_word' id='word_1_83' title='bbox 437 1742 471 1792; x_wconf 87' lang='lat' dir='ltr'><strong>et</strong></span> <span class='ocrx_word' id='word_1_84' title='bbox 486 1723 566 1794; x_wconf 89' lang='lat' dir='ltr'><strong>odio</strong></span> <span class='ocrx_word' id='word_1_85' title='bbox 585 1726 693 1819; x_wconf 78' lang='lat' dir='ltr'><strong>ipsius</strong></span> <span class='ocrx_word' id='word_1_86' title='bbox 710 1722 774 1793; x_wconf 87' lang='lat' dir='ltr'><strong>filii</strong></span> <span class='ocrx_word' id='word_1_87' title='bbox 791 1747 893 1816; x_wconf 86' lang='lat' dir='ltr'><strong>quem</strong></span> <span class='ocrx_word' id='word_1_88' title='bbox 906 1724 1025 1794; x_wconf 83' lang='lat' dir='ltr'><strong>odemt</strong></span> <span class='ocrx_word' id='word_1_89' title='bbox 1041 1752 1050 1794; x_wconf 78' lang='lat' dir='ltr'><em>z</em></span> <span class='ocrx_word' id='word_1_90' title='bbox 1065 1742 1100 1798; x_wconf 91' lang='lat' dir='ltr'><strong>et</strong></span> <span class='ocrx_word' id='word_1_91' title='bbox 1112 1728 1193 1818; x_wconf 80' lang='lat' dir='ltr'><strong>quia</strong></span> <span class='ocrx_word' id='word_1_92' title='bbox 1208 1750 1346 1820; x_wconf 81' lang='lat' dir='ltr'><strong>compe·</strong></span> 
     </span>
     <span class='ocr_line' id='line_1_13' title="bbox 273 1837 717 1928; baseline 0.002 -23"><span class='ocrx_word' id='word_1_93' title='bbox 273 1837 410 1923; x_wconf 86' lang='lat' dir='ltr'><strong>tiverit,</strong></span> <span class='ocrx_word' id='word_1_94' title='bbox 431 1853 465 1906; x_wconf 92' lang='lat' dir='ltr'><strong>et</strong></span> <span class='ocrx_word' id='word_1_95' title='bbox 483 1839 563 1928; x_wconf 85' lang='lat' dir='ltr'><strong>quin</strong></span> <span class='ocrx_word' id='word_1_96' title='bbox 581 1839 717 1906; x_wconf 82' lang='lat' dir='ltr'><strong>vicerit.</strong></span> 
     </span>
    </p>

    <p class='ocr_par' dir='ltr' id='par_1_6' title="bbox 191 1951 1413 3084">
     <span class='ocr_line' id='line_1_14' title="bbox 323 1951 1345 2049; baseline 0.004 -29"><span class='ocrx_word' id='word_1_97' title='bbox 323 1956 444 2021; x_wconf 78' lang='lat' dir='ltr'><strong>Vsnme</strong></span> <span class='ocrx_word' id='word_1_98' title='bbox 461 1954 614 2021; x_wconf 82' lang='lat' dir='ltr'><strong>Gmrntns</strong></span> <span class='ocrx_word' id='word_1_99' title='bbox 632 1955 717 2022; x_wconf 81' lang='lat' dir='ltr'><strong>dixit</strong></span> <span class='ocrx_word' id='word_1_100' title='bbox 742 1955 854 2024; x_wconf 83' lang='lat' dir='ltr'><strong>statim</strong></span> <span class='ocrx_word' id='word_1_101' title='bbox 876 1954 1014 2049; x_wconf 73' lang='lat' dir='ltr'><strong>petiisse</strong></span> <span class='ocrx_word' id='word_1_102' title='bbox 1035 1972 1165 2048; x_wconf 78' lang='lat' dir='ltr'><strong>petrem</strong></span> <span class='ocrx_word' id='word_1_103' title='bbox 1180 1951 1249 2025; x_wconf 81' lang='lat' dir='ltr'><strong>hoc</strong></span> <span class='ocrx_word' id='word_1_104' title='bbox 1260 1979 1345 2049; x_wconf 81' lang='lat' dir='ltr'><strong>pro·</strong></span> 
     </span>
     <span class='ocr_line' id='line_1_15' title="bbox 272 2066 1344 2162; baseline 0.002 -26"><span class='ocrx_word' id='word_1_105' title='bbox 272 2068 383 2161; x_wconf 82' lang='lat' dir='ltr'><strong>potito</strong></span> <span class='ocrx_word' id='word_1_106' title='bbox 397 2070 597 2162; x_wconf 82' lang='lat' dir='ltr'><strong>imperium,</strong></span> <span class='ocrx_word' id='word_1_107' title='bbox 613 2086 651 2137; x_wconf 91' lang='lat' dir='ltr'><strong>ut</strong></span> <span class='ocrx_word' id='word_1_108' title='bbox 664 2066 825 2162; x_wconf 84' lang='lat' dir='ltr'><strong>proderet</strong></span> <span class='ocrx_word' id='word_1_109' title='bbox 839 2096 847 2136; x_wconf 74' lang='grc' dir='ltr'>ι</span> <span class='ocrx_word' id='word_1_110' title='bbox 861 2067 1033 2137; x_wconf 84' lang='lat' dir='ltr'><strong>hominem</strong></span> <span class='ocrx_word' id='word_1_111' title='bbox 1045 2093 1184 2139; x_wconf 83' lang='lat' dir='ltr'><strong>avnmm</strong></span> <span class='ocrx_word' id='word_1_112' title='bbox 1197 2087 1232 2138; x_wconf 87' lang='lat' dir='ltr'><strong>et</strong></span> <span class='ocrx_word' id='word_1_113' title='bbox 1244 2068 1344 2138; x_wconf 90' lang='lat' dir='ltr'><strong>lnero</strong></span> 
     </span>
     <span class='ocr_line' id='line_1_16' title="bbox 273 2178 1342 2274; baseline 0.004 -26"><span class='ocrx_word' id='word_1_114' title='bbox 273 2182 484 2265; x_wconf 83' lang='lat' dir='ltr'><strong>inhiantem,</strong></span> <span class='ocrx_word' id='word_1_115' title='bbox 504 2198 539 2252; x_wconf 91' lang='lat' dir='ltr'><strong>et</strong></span> <span class='ocrx_word' id='word_1_116' title='bbox 555 2184 635 2274; x_wconf 82' lang='lat' dir='ltr'><strong>quia</strong></span> <span class='ocrx_word' id='word_1_117' title='bbox 653 2185 725 2251; x_wconf 91' lang='lat' dir='ltr'><strong>noti</strong></span> <span class='ocrx_word' id='word_1_118' title='bbox 744 2206 858 2258; x_wconf 80' lang='lat' dir='ltr'><strong>moret</strong></span> <span class='ocrx_word' id='word_1_119' title='bbox 874 2178 949 2274; x_wconf 81' lang='lat' dir='ltr'><strong>ejus</strong></span> <span class='ocrx_word' id='word_1_120' title='bbox 963 2200 1082 2265; x_wconf 81' lang='lat' dir='ltr'><strong>emnt,</strong></span> <span class='ocrx_word' id='word_1_121' title='bbox 1096 2183 1222 2251; x_wconf 84' lang='lat' dir='ltr'><strong>vietum</strong></span> <span class='ocrx_word' id='word_1_122' title='bbox 1240 2183 1286 2250; x_wconf 77' lang='lat' dir='ltr'><strong>ni&gt;</strong></span> <span class='ocrx_word' id='word_1_123' title='bbox 1298 2207 1342 2252; x_wconf 88' lang='lat' dir='ltr'><strong>eo</strong></span> 
     </span>
     <span class='ocr_line' id='line_1_17' title="bbox 272 2281 1341 2392; baseline 0.002 -26"><span class='ocrx_word' id='word_1_124' title='bbox 272 2300 506 2391; x_wconf 83' lang='lat' dir='ltr'><strong>competitore,</strong></span> <span class='ocrx_word' id='word_1_125' title='bbox 521 2321 542 2367; x_wconf 80' lang='lat' dir='ltr'><strong>a</strong></span> <span class='ocrx_word' id='word_1_126' title='bbox 555 2300 724 2392; x_wconf 84' lang='lat' dir='ltr'><strong>quovinci</strong></span> <span class='ocrx_word' id='word_1_127' title='bbox 742 2299 793 2366; x_wconf 81' lang='lat' dir='ltr'><strong>ins</strong></span> <span class='ocrx_word' id='word_1_128' title='bbox 806 2323 876 2368; x_wconf 85' lang='lat' dir='ltr'><strong>non</strong></span> <span class='ocrx_word' id='word_1_129' title='bbox 892 2313 985 2382; x_wconf 80' lang='lat' dir='ltr'><strong>eret,</strong></span> <span class='ocrx_word' id='word_1_130' title='bbox 998 2300 1065 2366; x_wconf 83' lang='lat' dir='ltr'><strong>nisi</strong></span> <span class='ocrx_word' id='word_1_131' title='bbox 1079 2297 1251 2367; x_wconf 87' lang='lat' dir='ltr'><strong>hominem</strong></span> <span class='ocrx_word' id='word_1_132' title='bbox 1266 2281 1341 2368; x_wconf 78' lang='lat' dir='ltr'><strong>iur-</strong></span> 
     </span>
     <span class='ocr_line' id='line_1_18' title="bbox 271 2415 1341 2510; baseline 0.002 -28"><span class='ocrx_word' id='word_1_133' title='bbox 271 2416 446 2508; x_wconf 88' lang='lat' dir='ltr'><strong>pissimnm</strong></span> <span class='ocrx_word' id='word_1_134' title='bbox 459 2419 484 2485; x_wconf 88' lang='lat'><strong>¹.</strong></span> <span class='ocrx_word' id='word_1_135' title='bbox 508 2416 596 2485; x_wconf 81' lang='lat' dir='ltr'><strong>Ante</strong></span> <span class='ocrx_word' id='word_1_136' title='bbox 617 2417 774 2501; x_wconf 77' lang='lat' dir='ltr'><strong>comitio,</strong></span> <span class='ocrx_word' id='word_1_137' title='bbox 793 2415 927 2508; x_wconf 85' lang='lat' dir='ltr'><strong>inquit,</strong></span> <span class='ocrx_word' id='word_1_138' title='bbox 948 2429 1220 2508; x_wconf 79' lang='lat' dir='ltr'><strong>peratnserstet</strong></span> <span class='ocrx_word' id='word_1_139' title='bbox 1232 2439 1341 2510; x_wconf 81' lang='lat' dir='ltr'><strong>pectr-</strong></span> 
     </span>
     <span class='ocr_line' id='line_1_19' title="bbox 271 2529 1343 2626; baseline 0.002 -28"><span class='ocrx_word' id='word_1_140' title='bbox 271 2532 362 2599; x_wconf 85' lang='lat' dir='ltr'><strong>niam</strong></span> <span class='ocrx_word' id='word_1_141' title='bbox 385 2533 563 2626; x_wconf 79' lang='lat' dir='ltr'><strong>accipere,</strong></span> <span class='ocrx_word' id='word_1_142' title='bbox 587 2548 622 2600; x_wconf 89' lang='lat' dir='ltr'><strong>et</strong></span> <span class='ocrx_word' id='word_1_143' title='bbox 644 2531 752 2599; x_wconf 82' lang='lat' dir='ltr'><strong>tilium</strong></span> <span class='ocrx_word' id='word_1_144' title='bbox 774 2529 942 2621; x_wconf 70' lang='lat' dir='ltr'><strong>prodere,</strong></span> <span class='ocrx_word' id='word_1_145' title='bbox 964 2547 1043 2623; x_wconf 84' lang='lat' dir='ltr'><strong>post</strong></span> <span class='ocrx_word' id='word_1_146' title='bbox 1054 2531 1189 2600; x_wconf 76' lang='lat' dir='ltr'><strong>comitia</strong></span> <span class='ocrx_word' id='word_1_147' title='bbox 1202 2549 1343 2624; x_wconf 76' lang='lat' dir='ltr'><strong>peintus</strong></span> 
     </span>
     <span class='ocr_line' id='line_1_20' title="bbox 191 2645 1413 2752; baseline 0 -35"><span class='ocrx_word' id='word_1_148' title='bbox 191 2741 196 2752; x_wconf 90' lang='lat'><strong>.</strong></span> <span class='ocrx_word' id='word_1_149' title='bbox 269 2665 344 2718; x_wconf 82' lang='lat' dir='ltr'><strong>emt</strong></span> <span class='ocrx_word' id='word_1_150' title='bbox 366 2651 546 2743; x_wconf 74' lang='lat' dir='ltr'><strong>pecuniam</strong></span> <span class='ocrx_word' id='word_1_151' title='bbox 565 2647 673 2730; x_wconf 77' lang='lat' dir='ltr'><strong>dare,</strong></span> <span class='ocrx_word' id='word_1_152' title='bbox 693 2663 732 2716; x_wconf 90' lang='lat' dir='ltr'><strong>nt</strong></span> <span class='ocrx_word' id='word_1_153' title='bbox 751 2647 858 2716; x_wconf 88' lang='lat' dir='ltr'><strong>fiiium</strong></span> <span class='ocrx_word' id='word_1_154' title='bbox 882 2645 1059 2739; x_wconf 69' lang='lat' dir='ltr'><strong>proderet.</strong></span> <span class='ocrx_word' id='word_1_155' title='bbox 1083 2645 1129 2715; x_wconf 85' lang='lat' dir='ltr'><strong>Ut</strong></span> <span class='ocrx_word' id='word_1_156' title='bbox 1149 2663 1268 2741; x_wconf 77' lang='lat' dir='ltr'><strong>eaptus</strong></span> <span class='ocrx_word' id='word_1_157' title='bbox 1287 2667 1340 2717; x_wconf 84' lang='lat' dir='ltr'><strong>est</strong></span> <span class='ocrx_word' id='word_1_158' title='bbox 1409 2675 1413 2682; x_wconf 92' lang='lat'>·</span> 
     </span>
     <span class='ocr_line' id='line_1_21' title="bbox 269 2761 1340 2855; baseline 0.002 -25"><span class='ocrx_word' id='word_1_159' title='bbox 269 2761 338 2834; x_wconf 84' lang='lat' dir='ltr'><strong>dux</strong></span> <span class='ocrx_word' id='word_1_160' title='bbox 355 2793 364 2849; x_wconf 80' lang='lat'>3</span> <span class='ocrx_word' id='word_1_161' title='bbox 381 2763 577 2844; x_wconf 80' lang='lat' dir='ltr'><strong>siebemut,</strong></span> <span class='ocrx_word' id='word_1_162' title='bbox 594 2764 726 2855; x_wconf 87' lang='lat' dir='ltr'><strong>inquit,</strong></span> <span class='ocrx_word' id='word_1_163' title='bbox 743 2765 820 2831; x_wconf 88' lang='lat' dir='ltr'><strong>Non</strong></span> <span class='ocrx_word' id='word_1_164' title='bbox 833 2779 945 2855; x_wconf 79' lang='lat' dir='ltr'><strong>potent</strong></span> <span class='ocrx_word' id='word_1_165' title='bbox 962 2763 1030 2830; x_wconf 88' lang='lat' dir='ltr'><strong>hoo</strong></span> <span class='ocrx_word' id='word_1_166' title='bbox 1050 2763 1123 2830; x_wconf 79' lang='lat' dir='ltr'><strong>tine</strong></span> <span class='ocrx_word' id='word_1_167' title='bbox 1144 2763 1340 2855; x_wconf 87' lang='lat' dir='ltr'><strong>proditione</strong></span> 
     </span>
     <span class='ocr_line' id='line_1_22' title="bbox 269 2876 1340 2976; baseline 0 -28"><span class='ocrx_word' id='word_1_168' title='bbox 269 2881 368 2964; x_wconf 80' lang='lat' dir='ltr'><strong>fieri3</strong></span> <span class='ocrx_word' id='word_1_169' title='bbox 384 2879 614 2948; x_wconf 78' lang='lat' dir='ltr'><strong>excusavimus</strong></span> <span class='ocrx_word' id='word_1_170' title='bbox 627 2901 689 2946; x_wconf 85' lang='lat' dir='ltr'><strong>noe</strong></span> <span class='ocrx_word' id='word_1_171' title='bbox 703 2879 898 2976; x_wconf 79' lang='lat' dir='ltr'><strong>imperatori</strong></span> <span class='ocrx_word' id='word_1_172' title='bbox 912 2907 921 2964; x_wconf 82' lang='lat'>3</span> <span class='ocrx_word' id='word_1_173' title='bbox 944 2876 1089 2945; x_wconf 86' lang='lat' dir='ltr'><strong>diximus</strong></span> <span class='ocrx_word' id='word_1_174' title='bbox 1104 2900 1340 2969; x_wconf 79' lang='lat' dir='ltr'><strong>persevemste</strong></span> 
     </span>
     <span class='ocr_line' id='line_1_23' title="bbox 267 2977 1341 3084; baseline 0 -22"><span class='ocrx_word' id='word_1_175' title='bbox 267 2993 313 3062; x_wconf 83' lang='lat' dir='ltr'><strong>td</strong></span> <span class='ocrx_word' id='word_1_176' title='bbox 327 2977 617 3084; x_wconf 78' lang='lat' dir='ltr'><strong>redemptionem,</strong></span> <span class='ocrx_word' id='word_1_177' title='bbox 637 2985 790 3084; x_wconf 78' lang='lat' dir='ltr'><strong>quamvis</strong></span> <span class='ocrx_word' id='word_1_178' title='bbox 807 2988 1030 3059; x_wconf 72' lang='lat' dir='ltr'><strong>deterruisset</strong></span> <span class='ocrx_word' id='word_1_179' title='bbox 1050 3008 1159 3084; x_wconf 80' lang='lat' dir='ltr'><strong>peter.</strong></span> <span class='ocrx_word' id='word_1_180' title='bbox 1175 2991 1250 3060; x_wconf 82' lang='lat' dir='ltr'><strong>Hoc</strong></span> <span class='ocrx_word' id='word_1_181' title='bbox 1265 2992 1341 3062; x_wconf 75' lang='lat' dir='ltr'><strong>loeo</strong></span> 
     </span>
    </p>

    <p class='ocr_par' dir='ltr' id='par_1_7' title="bbox 238 3107 1339 3436">
     <span class='ocr_line' id='line_1_24' title="bbox 268 3107 913 3202; baseline -0.008 -25"><span class='ocrx_word' id='word_1_182' title='bbox 268 3107 327 3177; x_wconf 85' lang='lat' dir='ltr'><strong>ille</strong></span> <span class='ocrx_word' id='word_1_183' title='bbox 344 3107 520 3202; x_wconf 78' lang='lat' dir='ltr'><strong>respondit</strong></span> <span class='ocrx_word' id='word_1_184' title='bbox 537 3135 545 3176; x_wconf 74' lang='grc' dir='ltr'><strong>ε</strong></span> <span class='ocrx_word' id='word_1_185' title='bbox 565 3107 686 3176; x_wconf 80' lang='lat' dir='ltr'><strong>Cavete</strong></span> <span class='ocrx_word' id='word_1_186' title='bbox 695 3109 913 3198; x_wconf 75' lang='lat' dir='ltr'><strong>proditorem.</strong></span> 
     </span>
     <span class='ocr_line' id='line_1_25' title="bbox 238 3210 1339 3320; baseline 0 -26"><span class='ocrx_word' id='word_1_187' title='bbox 238 3210 242 3218; x_wconf 44' lang='lat'>¹</span> <span class='ocrx_word' id='word_1_188' title='bbox 315 3227 465 3294; x_wconf 69' lang='lat' dir='ltr'><strong>Burnus</strong></span> <span class='ocrx_word' id='word_1_189' title='bbox 487 3224 595 3312; x_wconf 85' lang='lat' dir='ltr'><strong>dixit,</strong></span> <span class='ocrx_word' id='word_1_190' title='bbox 621 3247 712 3320; x_wconf 69' lang='lat' dir='ltr'><strong>egre</strong></span> <span class='ocrx_word' id='word_1_191' title='bbox 734 3223 899 3293; x_wconf 75' lang='lat' dir='ltr'><strong>ferentem</strong></span> <span class='ocrx_word' id='word_1_192' title='bbox 920 3218 1086 3316; x_wconf 86' lang='lat' dir='ltr'><strong>pudorem</strong></span> <span class='ocrx_word' id='word_1_193' title='bbox 1105 3217 1264 3318; x_wconf 78' lang='lat' dir='ltr'><strong>repuleae,</strong></span> <span class='ocrx_word' id='word_1_194' title='bbox 1279 3248 1339 3294; x_wconf 82' lang='lat' dir='ltr'><strong>vo-</strong></span> 
     </span>
     <span class='ocr_line' id='line_1_26' title="bbox 267 3338 1335 3436; baseline -0.002 -26"><span class='ocrx_word' id='word_1_195' title='bbox 267 3341 369 3410; x_wconf 85' lang='lat' dir='ltr'><strong>luisse</strong></span> <span class='ocrx_word' id='word_1_196' title='bbox 387 3341 496 3411; x_wconf 81' lang='lat' dir='ltr'><strong>occidi</strong></span> <span class='ocrx_word' id='word_1_197' title='bbox 516 3342 646 3426; x_wconf 84' lang='lat' dir='ltr'><strong>filium,</strong></span> <span class='ocrx_word' id='word_1_198' title='bbox 660 3358 698 3410; x_wconf 90' lang='lat' dir='ltr'><strong>ut</strong></span> <span class='ocrx_word' id='word_1_199' title='bbox 710 3342 747 3410; x_wconf 88' lang='lat' dir='ltr'><strong>in</strong></span> <span class='ocrx_word' id='word_1_200' title='bbox 760 3340 835 3433; x_wconf 86' lang='lat' dir='ltr'><strong>ejus</strong></span> <span class='ocrx_word' id='word_1_201' title='bbox 847 3339 960 3410; x_wconf 84' lang='lat' dir='ltr'><strong>locum</strong></span> <span class='ocrx_word' id='word_1_202' title='bbox 974 3338 1236 3408; x_wconf 68' lang='lat' dir='ltr'><strong>substitueretur</strong></span> <span class='ocrx_word' id='word_1_203' title='bbox 1246 3342 1335 3436; x_wconf 85' lang='lat' dir='ltr'><strong>ipse.</strong></span> 
     </span>
    </p>

    <p class='ocr_par' dir='ltr' id='par_1_8' title="bbox 265 3455 1338 3788">
     <span class='ocr_line' id='line_1_27' title="bbox 313 3455 1338 3550; baseline -0.002 -22"><span class='ocrx_word' id='word_1_204' title='bbox 313 3461 417 3528; x_wconf 84' lang='lat' dir='ltr'><strong>Hrtro</strong></span> <span class='ocrx_word' id='word_1_205' title='bbox 427 3461 599 3528; x_wconf 74' lang='lat' dir='ltr'><strong>Romus.</strong></span> <span class='ocrx_word' id='word_1_206' title='bbox 613 3457 796 3540; x_wconf 91' lang='lat' dir='ltr'><strong>Ultionem,</strong></span> <span class='ocrx_word' id='word_1_207' title='bbox 813 3458 939 3550; x_wconf 89' lang='lat' dir='ltr'><strong>inquit,</strong></span> <span class='ocrx_word' id='word_1_208' title='bbox 955 3480 1049 3526; x_wconf 78' lang='lat' dir='ltr'><strong>suam</strong></span> <span class='ocrx_word' id='word_1_209' title='bbox 1061 3457 1150 3524; x_wconf 88' lang='lat' dir='ltr'><strong>hosti</strong></span> <span class='ocrx_word' id='word_1_210' title='bbox 1162 3455 1338 3546; x_wconf 58' lang='lat' dir='ltr'><strong>remidio</strong></span> 
     </span>
     <span class='ocr_line' id='line_1_28' title="bbox 265 3568 1336 3664; baseline -0.002 -22"><span class='ocrx_word' id='word_1_211' title='bbox 265 3572 457 3652; x_wconf 76' lang='lat' dir='ltr'><strong>temineiie,</strong></span> <span class='ocrx_word' id='word_1_212' title='bbox 475 3573 598 3664; x_wconf 89' lang='lat' dir='ltr'><strong>inquit,</strong></span> <span class='ocrx_word' id='word_1_213' title='bbox 615 3573 715 3658; x_wconf 72' lang='lat' dir='ltr'><strong>exiit,</strong></span> <span class='ocrx_word' id='word_1_214' title='bbox 732 3585 830 3640; x_wconf 86' lang='lat' dir='ltr'><strong>noete</strong></span> <span class='ocrx_word' id='word_1_215' title='bbox 842 3573 1000 3664; x_wconf 87' lang='lat' dir='ltr'><strong>pervenit</strong></span> <span class='ocrx_word' id='word_1_216' title='bbox 1011 3568 1056 3640; x_wconf 85' lang='lat' dir='ltr'><strong>nd</strong></span> <span class='ocrx_word' id='word_1_217' title='bbox 1068 3569 1195 3654; x_wconf 84' lang='lat' dir='ltr'><strong>hostes,</strong></span> <span class='ocrx_word' id='word_1_218' title='bbox 1212 3570 1336 3640; x_wconf 85' lang='lat' dir='ltr'><strong>rediit:</strong></span> 
     </span>
     <span class='ocr_line' id='line_1_29' title="bbox 265 3685 1018 3788; baseline -0.004 -31"><span class='ocrx_word' id='word_1_219' title='bbox 265 3703 305 3757; x_wconf 90' lang='lat' dir='ltr'><strong>ut</strong></span> <span class='ocrx_word' id='word_1_220' title='bbox 319 3687 422 3756; x_wconf 79' lang='lat' dir='ltr'><strong>eoiret</strong></span> <span class='ocrx_word' id='word_1_221' title='bbox 437 3685 531 3754; x_wconf 88' lang='lat' dir='ltr'><strong>illum</strong></span> <span class='ocrx_word' id='word_1_222' title='bbox 546 3711 613 3754; x_wconf 88' lang='lat' dir='ltr'><strong>non</strong></span> <span class='ocrx_word' id='word_1_223' title='bbox 629 3688 870 3788; x_wconf 26' lang='lat' dir='ltr'><strong>tune-primum</strong></span> <span class='ocrx_word' id='word_1_224' title='bbox 885 3685 1018 3755; x_wconf 83' lang='lat' dir='ltr'><strong>fecisse.</strong></span> 
     </span>
    </p>
   </div>
   <div class='ocr_carea' id='block_1_3' title="bbox 263 3883 1340 4276">
    <p class='ocr_par' dir='ltr' id='par_1_9' title="bbox 264 3883 1340 4040">
     <span class='ocr_line' id='line_1_30' title="bbox 264 3883 1340 3962; baseline -0.005 -16"><span class='ocrx_word' id='word_1_225' title='bbox 264 3893 346 3946; x_wconf 71' lang='lat' dir='ltr'><strong>rende</strong></span> <span class='ocrx_word' id='word_1_226' title='bbox 352 3889 460 3944; x_wconf 80' lang='lat' dir='ltr'><strong>inutilis.</strong></span> <span class='ocrx_word' id='word_1_227' title='bbox 466 3891 553 3961; x_wconf 82' lang='lat' dir='ltr'><strong>Quum</strong></span> <span class='ocrx_word' id='word_1_228' title='bbox 561 3887 699 3942; x_wconf 77' lang='lat' dir='ltr'><strong>sntsmaiis</strong></span> <span class='ocrx_word' id='word_1_229' title='bbox 707 3888 773 3942; x_wconf 83' lang='lat' dir='ltr'><strong>mni·</strong></span> <span class='ocrx_word' id='word_1_230' title='bbox 822 3899 851 3940; x_wconf 85' lang='lat' dir='ltr'><strong>nt</strong></span> <span class='ocrx_word' id='word_1_231' title='bbox 864 3886 939 3939; x_wconf 73' lang='lat' dir='ltr'><strong>Caius</strong></span> <span class='ocrx_word' id='word_1_232' title='bbox 952 3883 1002 3938; x_wconf 79' lang='lat' dir='ltr'><strong>JG.</strong></span> <span class='ocrx_word' id='word_1_233' title='bbox 1014 3885 1051 3939; x_wconf 73' lang='lat' dir='ltr'><strong>nit</strong></span> <span class='ocrx_word' id='word_1_234' title='bbox 1062 3885 1079 3938; x_wconf 86' lang='lat' dir='ltr'><strong>i.</strong></span> <span class='ocrx_word' id='word_1_235' title='bbox 1091 3887 1118 3953; x_wconf 86' lang='lat'><strong>1,</strong></span> <span class='ocrx_word' id='word_1_236' title='bbox 1131 3884 1166 3937; x_wconf 87' lang='lat' dir='ltr'><strong>D.</strong></span> <span class='ocrx_word' id='word_1_237' title='bbox 1181 3884 1213 3938; x_wconf 83' lang='lat' dir='ltr'><strong>de</strong></span> <span class='ocrx_word' id='word_1_238' title='bbox 1228 3883 1340 3962; x_wconf 72' lang='lat' dir='ltr'><strong>jur-einr.</strong></span> 
     </span>
     <span class='ocr_line' id='line_1_31' title="bbox 264 3963 922 4040; baseline -0.015 -16"><span class='ocrx_word' id='word_1_239' title='bbox 264 3983 301 4034; x_wconf 76' lang='lat' dir='ltr'><strong>ts,</strong></span> <span class='ocrx_word' id='word_1_240' title='bbox 312 3981 340 4023; x_wconf 85' lang='lat' dir='ltr'><strong>nt</strong></span> <span class='ocrx_word' id='word_1_241' title='bbox 347 3969 413 4036; x_wconf 82' lang='lat' dir='ltr'><strong>lites,</strong></span> <span class='ocrx_word' id='word_1_242' title='bbox 421 3967 495 4040; x_wconf 74' lang='lat' dir='ltr'><strong>lisip.</strong></span> <span class='ocrx_word' id='word_1_243' title='bbox 502 3969 571 4021; x_wconf 85' lang='lat' dir='ltr'><strong>bono</strong></span> <span class='ocrx_word' id='word_1_244' title='bbox 579 3966 696 4020; x_wconf 70' lang='lat' dir='ltr'><strong>citissime</strong></span> <span class='ocrx_word' id='word_1_245' title='bbox 707 3964 774 4019; x_wconf 82' lang='lat' dir='ltr'><strong>fini·-</strong></span> <span class='ocrx_word' id='word_1_246' title='bbox 824 3963 922 4018; x_wconf 69' lang='lat' dir='ltr'><strong>Scisti.</strong></span> 
     </span>
    </p>

    <p class='ocr_par' dir='ltr' id='par_1_10' title="bbox 263 4041 1338 4276">
     <span class='ocr_line' id='line_1_32' title="bbox 263 4041 1337 4113; baseline -0.007 -13"><span class='ocrx_word' id='word_1_247' title='bbox 263 4055 361 4110; x_wconf 84' lang='lat' dir='ltr'><strong>rentur,</strong></span> <span class='ocrx_word' id='word_1_248' title='bbox 374 4043 775 4099; x_wconf 80' lang='lat' dir='ltr'><strong>Prudentesoiimssnrirernnt:</strong></span> <span class='ocrx_word' id='word_1_249' title='bbox 859 4061 879 4094; x_wconf 90' lang='grc' dir='ltr'><strong>ι.</strong></span> <span class='ocrx_word' id='word_1_250' title='bbox 901 4044 930 4106; x_wconf 76' lang='grc' dir='ltr'><em>Α</em></span> <span class='ocrx_word' id='word_1_251' title='bbox 953 4059 1005 4112; x_wconf 80' lang='lat' dir='ltr'><strong>qno</strong></span> <span class='ocrx_word' id='word_1_252' title='bbox 1025 4043 1094 4094; x_wconf 78' lang='lat' dir='ltr'><strong>vrircr&#39;</strong></span> <span class='ocrx_word' id='word_1_253' title='bbox 1106 4041 1154 4113; x_wconf 80' lang='lat' dir='ltr'><strong>sas</strong></span> <span class='ocrx_word' id='word_1_254' title='bbox 1181 4061 1235 4093; x_wconf 76' lang='lat' dir='ltr'><strong>non</strong></span> <span class='ocrx_word' id='word_1_255' title='bbox 1257 4051 1337 4104; x_wconf 77' lang='lat' dir='ltr'><strong>erat,</strong></span> 
     </span>
     <span class='ocr_line' id='line_1_33' title="bbox 266 4117 1338 4187; baseline -0.005 -11"><span class='ocrx_word' id='word_1_256' title='bbox 266 4137 320 4178; x_wconf 82' lang='lat' dir='ltr'><strong>tum</strong></span> <span class='ocrx_word' id='word_1_257' title='bbox 331 4125 396 4179; x_wconf 86' lang='lat' dir='ltr'><strong>illnd</strong></span> <span class='ocrx_word' id='word_1_258' title='bbox 407 4124 527 4180; x_wconf 66' lang='lat' dir='ltr'><strong>humina</strong></span> <span class='ocrx_word' id='word_1_259' title='bbox 540 4124 598 4180; x_wconf 68' lang='lat' dir='ltr'><strong>rito</strong></span> <span class='ocrx_word' id='word_1_260' title='bbox 608 4122 775 4177; x_wconf 81' lang='lat' dir='ltr'><strong>srrtittimnm</strong></span> <span class='ocrx_word' id='word_1_261' title='bbox 823 4122 875 4174; x_wconf 77' lang='lat' dir='ltr'><strong>nisi</strong></span> <span class='ocrx_word' id='word_1_262' title='bbox 882 4119 1214 4187; x_wconf 75' lang='lat' dir='ltr'><strong>bomincmtnrpissimrsm.</strong></span> <span class='ocrx_word' id='word_1_263' title='bbox 1224 4117 1338 4172; x_wconf 65' lang='lat' dir='ltr'>Publia</span> 
     </span>
     <span class='ocr_line' id='line_1_34' title="bbox 266 4195 1338 4276; baseline -0.006 -20"><span class='ocrx_word' id='word_1_264' title='bbox 266 4202 399 4256; x_wconf 80' lang='lat' dir='ltr'><strong>rinrnlmn</strong></span> <span class='ocrx_word' id='word_1_265' title='bbox 416 4201 587 4276; x_wconf 73' lang='lat' dir='ltr'><strong>inrisjnrrndi</strong></span> <span class='ocrx_word' id='word_1_266' title='bbox 605 4200 774 4275; x_wconf 67' lang='lat' dir='ltr'><strong>religionem,</strong></span> <span class='ocrx_word' id='word_1_267' title='bbox 824 4199 892 4253; x_wconf 78' lang='lat' dir='ltr'><strong>enim</strong></span> <span class='ocrx_word' id='word_1_268' title='bbox 909 4198 1051 4271; x_wconf 65' lang='lat' dir='ltr'><strong>disciplina</strong></span> <span class='ocrx_word' id='word_1_269' title='bbox 1064 4196 1206 4266; x_wconf 78' lang='lat' dir='ltr'><strong>intersrst,</strong></span> <span class='ocrx_word' id='word_1_270' title='bbox 1228 4217 1263 4252; x_wconf 81' lang='lat' dir='ltr'><strong>ns</strong></span> <span class='ocrx_word' id='word_1_271' title='bbox 1273 4195 1338 4272; x_wconf 69' lang='lat' dir='ltr'><strong>petri</strong></span> 
     </span>
    </p>
   </div>
   <div class='ocr_carea' id='block_1_4' title="bbox 0 0 1426 4812">
    <p class='ocr_par' dir='ltr' id='par_1_11' title="bbox 0 0 1426 4812">
     <span class='ocr_line' id='line_1_35' title="bbox 0 0 1426 4812; baseline 0 5"><span class='ocrx_word' id='word_1_272' title='bbox 0 0 1426 4812; x_wconf 95' lang='lat' dir='ltr'><strong> </strong></span> 
     </span>
    </p>
   </div>
  </div>
 </body>
</html>
