2894 4784
272 425 342 512 654
600 423 648 492 Μ.
674 417 820 490 ANNAEt
842 417 1021 488 SENECAE

273 557 323 626 ris
343 553 372 626 si
394 554 534 628 numine
559 574 619 620 sno
632 553 724 620 Deus
738 563 895 640 regeret,
908 546 1074 618 adulteris
1088 549 1361 620 clauderentur.
1437 617 1439 640 ἦ

321 673 498 741 Mintur.
523 668 559 737 si
582 691 651 736 non
673 664 773 736 datur
786 665 884 736 nohis
897 663 941 734 ad
953 664 1082 736 bellum
1094 667 1178 752 iter,
1193 684 1362 736 reru-ta-
1437 651 1439 676 '

273 809 350 858 unt·
363 783 408 856 ad
427 782 566 852 liberos.

279 939 283 946 ·
321 902 542 971 Anemuri.
558 899 684 968 Iterum
699 897 735 964 in
751 897 873 974 malum
887 896 1022 968 familie
1041 913 1166 968 noetrae
1181 897 1279 968 taran
1291 919 1358 964 re-

272 1015 464 1096 volvimur,
491 1029 635 1106 propter
658 1009 846 1081 adulteram
872 1011 987 1085 fratris
1010 1009 1112 1080 liberi
1149 1028 1295 1104 pereunt
1311 1017 1323 1048 ¹
1342 1039 1356 1094 ς

273 1134 337 1200 ista
360 1128 540 1198 mercede²
569 1128 693 1196 nollem
718 1130 859 1196 reverti.
887 1127 933 1198 At
956 1128 1110 1200 Priamus
1131 1126 1262 1196 bellum
1283 1149 1356 1221 pro

194 1262 198 1268 '
272 1246 427 1320 adultero
452 1243 523 1316 {llio
548 1239 676 1338 gerit³.

322 1409 505 1482 DIVISIO.
525 1409 620 1476 Hanc
635 1407 825 1478 suasoriam
839 1409 888 1474 sie
901 1405 1018 1475 divisit
1029 1407 1170 1490 Fuscus,
1196 1424 1237 1476 ut
1255 1408 1352 1478 diee-

274 1543 350 1610 ret,
371 1529 474 1595 etiam
499 1526 527 1594 al
550 1525 651 1594 aliter
674 1525 836 1618 navigare
859 1548 929 1592 nou
950 1538 1105 1617 possent,
1122 1546 1195 1592 non
1213 1547 1286 1592 esse
1298 1525 1353 1592 h-

275 1641 435 1714 ciendum
452 1671 460 1710 :
476 1643 573 1711 etsie
589 1643 766 1725 tractarit,
794 1657 832 1708 ut
858 1655 1000 1729 negaret
1023 1637 1217 1709 faciendum
1236 1691 1246 1723 ,
1271 1643 1351 1734 quia

273 1755 497 1835 homicidium
512 1772 611 1840 esset,
624 1758 705 1849 quia
718 1754 963 1850 parricidium,
980 1757 1060 1848 quia
1074 1738 1153 1850 plus
1168 1755 1350 1850 impende-

275 1893 385 1958 retur,
403 1893 505 1967 quam
532 1891 726 1968 peteretur3
753 1874 824 1966 peti
845 1871 1051 1953 adulteram,
1075 1873 1231 1967 impendi
1252 1875 1347 1968 Iphi-

277 1995 413 2088 geniam
443 2019 451 2059 ε
479 1990 647 2060 vindicari
668 1987 895 2071 adulterium,
917 1989 1081 2058 committi
1108 1989 1345 2082 parricidium.

275 2105 410 2178 Deinde
427 2107 534 2193 dixit,
555 2107 657 2174 etiam
688 2107 716 2172 si
742 2128 813 2173 non
832 2105 1059 2190 immolasset,
1078 2106 1345 2199 navigaturum:

278 2222 376 2291 Illam
395 2223 486 2290 enim
510 2245 638 2290 moram
654 2235 783 2288 naturae
798 2221 900 2289 maris
914 2237 949 2289 et
963 2239 1141 2290 ventorum
1158 2243 1248 2307 esse,
1268 2221 1349 2290 den·

276 2363 351 2412 rum
371 2325 576 2410 voluntatem
595 2335 638 2410 ab
657 2337 853 2422 hominibus
871 2361 940 2408 non
956 2337 1117 2432 intelligi.

325 2459 399 2525 Hoc
415 2457 551 2526 Cusrrus
568 2454 753 2550 diligenter
769 2453 897 2523 divisit.
917 2455 1009 2524 Dixit
1023 2456 1132 2539 enim,
1151 2457 1238 2526 deos
1251 2456 1350 2528 rebus

278 2571 437 2646 humanis
463 2597 533 2642 non
561 2575 779 2666 interponere
799 2571 979 2646 arbitrium
1003 2596 1120 2658 suum,
1144 2575 1174 2643 si
1192 2573 1351 2668 interpo-

277 2703 379 2770 nant,
394 2689 602 2758 voluntatem
615 2711 731 2756 eorum
746 2687 790 2754 ab
802 2684 944 2755 homine
960 2711 1028 2756 uon
1046 2689 1194 2782 intelligi
1212 2715 1222 2759 e
1238 2707 1278 2760 nt
1291 2691 1355 2758 iu·-

277 2804 465 2899 telligatur,
485 2829 554 2874 nou
572 2827 671 2898 posse
688 2803 755 2872 sata
772 2803 949 2892 revocari3
968 2807 997 2874 si
1015 2829 1086 2878 uon
1104 2808 1174 2879 sint
1189 2809 1276 2890 futu,
1293 2831 1352 2876 sa-

278 2943 336 2987 era
354 2919 533 3012 profutura
550 2945 558 2986 ι
575 2921 603 2986 si
619 2919 705 2998 sint,
722 2943 793 2987 non
810 2943 909 3014 posse
924 2923 1059 2990 mutari.

326 3037 407 3106 Suo
428 3037 618 3116 Poururus,
649 3036 795 3106 etiamsi
815 3033 907 3128 quod
930 3054 1018 3106 esset
1044 3035 1225 3107 divinandi
1245 3065 1352 3134 genus

278 3167 430 3236 eertum,
459 3147 633 3249 auguriiel
662 3155 799 3258 negavit
817 3153 1025 3222 credendum
1049 3179 1188 3248 :quere
1202 3180 1307 3253 ergo,
1324 3159 1352 3225 si

315 3338 335 3374 n.
353 3321 464 3389 Prupter
482 3323 631 3374 oddteram
640 3321 740 3393 smtrr‘s
752 3321 791 3372 n·-
874 3321 965 3384 2.Istu
973 3323 1352 3379 monde-Macednum

278 3397 335 3451 ἄπ’
342 3409 458 3466 pereunt.
468 3399 576 3469 Propter
589 3397 715 3450 Helenam
730 3416 791 3449 ron·
839 3415 992 3469 quoeunque
1014 3399 1078 3469 quid
1104 3419 1253 3474 conpetere
1277 3400 1351 3454 nubi·

278 3474 364 3548 jugem
382 3475 515 3538 Menelai,
529 3476 573 3544 qui
591 3477 790 3545 Agamemnonis
839 3475 973 3546 periimus,
985 3487 1014 3529 ut
1026 3491 1051 3529 et
1056 3482 1171 3546 pretim
1180 3499 1189 3531 r
1198 3479 1248 3532 hoo
1257 3478 1289 3530 alt
1298 3497 1351 3531 en·

276 3556 362 3620 freter,
376 3553 597 3624 inquitSelrottue.
614 3555 659 3607 Est
672 3554 789 3624 utquid,
837 3552 931 3624 pueris
943 3568 1095 3623 mutreete,
1111 3555 1350 3612 nudatae-rimis
1436 3615 1437 3634 χ

276 3632 322 3686 red
341 3651 395 3684 uon
417 3643 498 3684 totum
515 3650 521 3685 :
537 3630 685 3685 addendum
698 3631 788 3696 enim,
838 3643 863 3685 et
874 3632 1049 3686 oonduetionis
1062 3635 1176 3709 petitum.
1191 3635 1293 3689 &tute
1436 3635 1437 3694 l

277 3725 416 3786 etproprer
433 3711 503 3764 Atrei
523 3729 630 3764 uxorem
649 3710 789 3764 adulteram
870 3709 1351 3784 &Pmudultemfiliogerit'dne-
1436 3719 1437 3728 ¹

276 3793 395 3864 Aeropen
406 3787 479 3842 liberi
496 3789 624 3861 Thyesta.
639 3789 700 3842 lllox
711 3791 787 3862 lege,
837 3799 893 3854 tur,
914 3788 1009 3858 aliique
1029 3800 1119 3859 gent,
1138 3791 1165 3843 id
1184 3803 1241 3856 ert,
1260 3811 1349 3866 gerere

273 3874 358 3938 ger-il,
372 3886 425 3921 non
439 3877 522 3938 gerat.
534 3867 579 3919 Est
594 3867 662 3920 enirn
675 3869 789 3924 antithe-
837 3867 907 3919 velit.
926 3869 1029 3923 Nedum
1043 3889 1262 3945 ogopropugnem
1274 3872 1350 3925 ulu-
1435 3865 1437 3886 ⁴

276 3942 555 4018 siesiespudeorlitr
568 3945 788 4020 atrpnd'Trojam
838 3957 888 3996 tem
908 3943 971 4000 fitia
986 3965 1069 4010 men,
1083 3968 1142 4019 quo
1158 3949 1256 4002 nulle·
1275 3951 1305 4003 iu
1322 3970 1348 4004 er

275 4023 312 4078 sie
324 4036 410 4076 emant
422 4022 491 4076 lilios
501 4037 596 4095 patres,
613 4037 641 4077 ut
653 4025 730 4078 etiem
741 4045 787 4098 pro
837 4026 985 4078 commeruit
995 4027 1111 4100 eulpam,
1123 4027 1196 4082 nullo
1214 4047 1241 4082 re
1255 4029 1349 4083 metm

275 4101 396 4156 adulterit
409 4099 475 4154 belle
487 4115 585 4175 gerent.
597 4103 716 4157 Narratio
729 4116 786 4169 eet,
836 4101 978 4156 obstrinxit.
989 4103 1089 4160 Salute

275 4199 329 4234 nou
341 4178 480 4234 mnemia·
495 4184 650 4236 Gruuoor'ur.
868 4181 1039 4253 ᾼΑηιιήίε
1059 4191 1164 4258 weit
1182 4188 1345 4242 audenda.
