2874 4796
272 469 706 538 CONTROVERSIARUM
728 469 808 534 LIB.
836 470 876 550 V,
903 467 957 534 33.
1082 469 1145 553 445

77 601 171 667 viros
186 623 284 682 esse,
306 598 341 667 id
357 613 478 692 agunt,
501 613 539 664 ut
557 621 656 687 quam
674 596 773 687 psuei
791 595 857 662 viri
874 595 954 661 sint.
974 594 1036 662 His
1047 619 1147 663 nemo

78 713 251 782 suocurrit
267 713 421 782 delicatis
440 727 475 780 et
496 712 649 780 formosis
668 709 872 777 debilibus¹.
894 711 1049 797 Curatis,
1071 714 1148 803 quis

77 853 119 896 ex
137 828 323 898 solitudine
341 828 487 896 infantes
500 826 647 910 auferat,
669 827 839 918 perituros
852 827 916 893 nisi
932 825 1145 896 anferentur:

77 967 148 1012 non
167 948 311 1028 curatis,
332 942 425 1037 quod
441 945 496 1012 isti
514 944 605 1012 besti
623 942 820 1011 solitudines
834 965 910 1010 suas
923 944 1149 1037 ingenuorum

77 1061 261 1154 ergastulis
278 1060 456 1156 excolunt3
485 1084 553 1128 non
578 1060 721 1141 curatis,
748 1055 840 1150 quod
857 1059 1022 1150 juvenum
1047 1061 1147 1127 mise·

77 1199 196 1244 rorum
224 1175 470 1268 simplicitatem
495 1175 787 1258 circumveniunt,
814 1190 848 1242 et
867 1176 1147 1267 speciosissimum

78 1316 264 1386 quemque,
279 1294 418 1359 maxime
433 1291 592 1359 idoneum
606 1292 736 1374 eastris,
753 1291 788 1357 in
801 1290 917 1358 ludum
932 1294 1144 1384 'conjiciunt

77 1408 120 1473 ln
135 1421 282 1474 mentem
294 1406 388 1473 vobis
402 1406 496 1472 venit
506 1405 659 1474 misereri
672 1405 805 1486 horum,
819 1403 911 1496 quod
923 1405 1149 1476 membranon

78 1522 254 1592 habeant?
268 1522 351 1616 quid
364 1521 516 1604 illorum,
531 1521 620 1612 quod
639 1521 760 1588 lrnstrn
774 1518 926 1589 habent?
940 1524 1012 1590 Hoe
1025 1547 1149 1616 genere

79 1639 264 1706 insectatus
280 1639 385 1706 seculi
405 1639 505 1717 vitis,
523 1638 658 1729 egregie
674 1627 802 1728 figure,
820 1639 1030 1729 inquinatum
1046 1657 1079 1709 et
1093 1644 1149 1710 in·

78 1753 203 1822 famem
230 1779 349 1835 reum,
378 1754 542 1844 majorum
561 1752 739 1820 criminum
764 1753 964 1845 impunitate
982 1755 1145 1826 defendit.

127 1869 283 1939 Celebris
313 1867 387 1935 haec
415 1867 507 1959 opud
532 1869 669 1934 Graecns
694 1869 922 1937 controversis
949 1886 1012 1938 est.
1041 1873 1150 1941 Multa

76 1987 121 2053 eb
143 1986 222 2054 eliis
248 1982 392 2078 pulchre
415 1982 622 2064 dictasunt,
644 1983 806 2073 aquibus
825 2007 893 2052 non
911 1985 1150 2057 abstinuerunt

77 2103 189 2170 nostri
207 2123 325 2168 manus
342 2128 352 2184 ς
369 2097 474 2165 multa
490 2113 668 2190 corrupte,
687 2096 812 2188 quibus
827 2121 895 2166 non
912 2117 1098 2171 cesserunt.

125 2219 269 2284 Nrcrrns
286 2213 370 2281 dixit
388 2240 396 2281 τ
413 2212 453 2284 Tl
473 2205 607 2300 κάκιονῦς
624 2210 673 2282 καὶ
688 2211 824 2296 τούτους
839 2209 961 2309 τροφὸς
974 2215 1082 2303 αἰτεῖς,
1096 2217 1150 2304 οὒς

92 2329 271 2427 μὴτρέφειν,
288 2321 394 2410 deside
410 2327 505 2399 ἔστιν.
699 2325 701 2330 ’

127 2447 229 2513 Hune
255 2444 339 2512 dixit
368 2465 499 2512 sensnm
524 2445 562 2511 P.
592 2443 773 2524 Asrrnnss,
798 2443 915 2510 eodem
934 2446 1055 2531 modo,
1077 2473 1145 2516 uno

77 2561 186 2629 verbo
198 2563 358 2655 propiore
372 2585 451 2629 usus
466 2587 473 2629 :
488 2563 587 2629 Hune
599 2560 714 2643 olunt,
739 2560 798 2650 qui
814 2559 973 2628 alimenta
985 2580 1142 2653 poscunt,

75 2675 204 2766 quihus
222 2667 369 2745 crudelis
384 2692 436 2744 est
452 2677 510 2767 qui
530 2691 642 2768 neget.

126 2798 229 2864 Circa
245 2795 338 2863 huno
355 2819 489 2862 sensum
513 2810 564 2861 est
589 2809 623 2860 et
644 2791 704 2860 ille
721 2816 742 2859 a
757 2792 983 2884 Qnrnrrnruto
1003 2796 1113 2866 dictus
1131 2825 1138 2864 :

74 2915 201 2983 Nescio
215 2924 372 2977 utrumne
385 2932 444 2976 vos
461 2903 721 2974 miserabiliores
733 2905 860 2992 dicant,
877 2906 970 2999 qnod
982 2908 1141 2979 elimenta

73 3031 249 3125 accipitis,
269 3051 313 3094 sn
332 3005 424 3117 qnod
441 3023 523 3093 huie
540 3021 639 3107 datis.
659 3024 822 3117 decipitis
839 3025 928 3094 enim
939 3076 951 3111 ,
974 3026 1053 3131 quia
1076 3028 1142 3098 de-

74 3149 163 3217 biles
180 3146 280 3229 estis3
299 3145 332 3211 ei
348 3141 433 3210 dstis
448 3163 511 3234 per
527 3163 628 3233 quem
646 3139 776 3207 debiles
792 3139 883 3208 estis.

124 3260 258 3330 Annene
276 3255 393 3325 rhetor
415 3280 423 3321 :
446 3254 622 3326 Klalounon
638 3247 778 3350 μητέρες6
797 3252 952 3349 τ’ρᾶνιζον,
972 3257 997 3328 ei
1008 3255 1061 3352 μὶν
1073 3257 1141 3355 ε’μδς
1227 3331 1232 3338 ,

74 3380 234 3467 λέγουσαι,
248 3369 305 3445 τὸν
315 3367 394 3468 s'pds·
408 3371 433 3443 ei
445 3367 478 3442 dl
489 3366 657 3467 ἀλλότριος,
675 3367 724 3440 καὶ
737 3363 794 3438 τὸν
805 3364 874 3464 e’pbs
885 3367 985 3442 ἄλλοι.

111 3583 133 3616 ι.
144 3561 278 3615 Belicam
285 3515 438 3630 etsnmwsis
447 3557 584 3612 dettttbm.
610 3539 614 3548 Ι
632 3560 727 3620 jesum.
737 3557 776 3610 De
786 3555 848 3610 lndo
857 3556 1008 3630 gladietorio
1017 3562 1143 3637 intelligo.

75 3639 157 3712 Supra
168 3636 587 3706 :Hutcspectosasace'msspo-
635 3636 698 3690 Non
714 3647 780 3688 reete
797 3637 875 3708 igitur
894 3639 920 3690 in
939 3640 1047 3712 epitome
1065 3645 1140 3696 etiem

76 3715 587 3786 testſsrrmorurmendr'cusesserrelipun
636 3713 726 3783 scripte
744 3731 750 3764 :
764 3715 895 3768 Idonenm
906 3721 999 3772 emeris
1010 3723 1141 3785 illudunt,

76 3792 195 3846 nembro
210 3793 334 3844 invalido
344 3791 411 3851 sint,
431 3800 460 3842 ut
468 3790 588 3863 sortunoe
636 3790 784 3844 detrahunt.
797 3790 899 3846 debon.

75 3875 203 3942 ine'qm'tee
221 3873 249 3922 in
262 3867 384 3938 benficia
400 3886 451 3922 sua
462 3871 588 3922 sententis
670 3869 695 3921 3.
708 3869 738 3921 'ri
751 3873 845 3937 κάκιον,
857 3880 905 3926 ete.
915 3873 998 3946 Vertit¹
1009 3873 1146 3928 solioum

76 3952 161 4020 mgis
183 3948 320 4001 tumtunm
337 3950 442 4000 nnlnroe
457 3949 589 4015 pervertat
640 3949 729 4019 «Quid
743 3949 860 4022 pejusiet
871 3952 1044 4006 boselimente
1054 3955 1145 4026 pomis,

77 4029 152 4081 Unde
164 4039 248 4100 petet,
258 4045 335 4096 qnare
344 4028 510 4080 formosorum
519 4025 591 4078 debi-
639 4047 703 4097 qnos
713 4047 766 4080 non
778 4028 862 4095 olere,
877 4029 982 4099 impium
995 4041 1038 4082 eet.
1050 4052 1063 4076 s

77 4109 138 4160 lium
151 4108 194 4160 hie
205 4107 291 4176 feeerit
302 4105 466 4159 mentionem.
475 4103 575 4158 &tute
674 4107 697 4171 4.
707 4107 835 4161 [tum
846 4107 955 4175 purim,
971 4117 1017 4160 ete.
1028 4109 1100 4160 Veni
1111 4109 1147 4163 sie

109 4203 132 4236 ι.
140 4185 274 4240 Idunum
283 4186 387 4252 sostris,
396 4186 424 4236 e'n
432 4183 525 4238 ludum
533 4201 593 4240 con·
643 4195 739 4254 potest:
752 4206 765 4232 ι
774 4185 949 4240 Lamententes
961 4197 1051 4240 matres
1060 4187 1148 4261 stipem
