2878 4816
293 333 735 479 coniectansttlttttt
757 411 840 487 LIB.
865 412 919 493 ll,
945 435 978 500 9.
1112 411 1175 484 165

106 557 226 624 terum,
247 540 403 607 tertium.
420 539 492 604 Jam
507 533 596 603 nibil
608 535 707 604 diviti
721 559 897 631 superesse
908 538 1054 631 putatis,
1073 563 1176 631 quar·

105 672 171 722 tum
188 653 327 722 abdicat
344 658 371 720 ¹.

55 859 58 867 1
149 769 289 838 bacatu
302 769 404 838 Fusus
420 789 542 837 rarus.
558 769 725 862 Quisquis
743 792 780 837 cs
798 793 921 839 avarus
938 772 1092 864 pecuniae
1109 795 1175 842 cu-

102 901 167 955 stos
180 889 373 971 immensae,
389 911 495 979 quum
508 886 612 954 multa
626 888 819 978 quesieris,
833 889 1005 980 poterisne
1019 890 1176 962 omnibus

103 1003 168 1072 frui
178 1001 335 1075 fFilium
347 1004 493 1096 quaeris3
509 1026 589 1071 ecce
603 1003 703 1072 turba
712 1006 878 1095 juvenum
891 1006 967 1074 sine
979 1020 1094 1100 patre3
1111 1007 1176 1076 im-

102 1145 178 1215 pera
194 1121 357 1215 quidvis3
375 1121 564 1214 navigabo,
582 1120 756 1204 militabo,
774 1122 955 1193 dummodo
968 1124 1176 1217 ubicumque
1265 1109 1273 1120 ⁵

101 1239 212 1324 bero,
231 1255 314 1306 tuus
332 1239 410 1306 sim.
429 1240 481 1305 Ita
500 1261 562 1305 nos
583 1261 752 1331 pauperes
775 1262 910 1322 sumus,
935 1241 994 1330 qui
1012 1241 1176 1310 habemus

100 1353 186 1446 quod
203 1353 333 1423 divites
351 1369 473 1448 rogent
483 1356 499 1420 P
510 1351 602 1420 uude
616 1353 716 1420 talem
730 1368 861 1447 patrem
872 1358 885 1386 ²
898 1355 913 1422 t
924 1378 994 1422 nou
1003 1357 1174 1444 irasceris,

97 1470 158 1538 nisi
176 1486 216 1538 ut
234 1465 378 1538 ames³i
397 1469 482 1562 quid
498 1493 602 1561 porro
617 1469 680 1536 ista
700 1469 924 1561 patrimonia,
942 1471 979 1538 iu
998 1495 1072 1563 quae
1089 1472 1177 1544 male

97 1589 165 1656 sani
180 1587 310 1656 ruitis?
328 1585 453 1680 gaudia
471 1584 707 1668 dominorum,
729 1592 780 1655 ‘au
803 1608 907 1654 onera
934 1588 1036 1658 suut?
1056 1588 1173 1671 Mille,
1200 1633 1202 1642 ‚

98 1729 199 1795 quum
212 1716 355 1770 ventum
372 1703 463 1769 inter
477 1702 572 1771 vices
583 1724 681 1787 suas,
698 1702 851 1796 exempla
864 1702 1055 1788 referebas,
1073 1721 1108 1774 et
1119 1706 1177 1775 in-

96 1839 145 1889 ter
162 1822 223 1888 illa
245 1819 397 1913 ponebas
416 1835 451 1888 et
475 1818 592 1886 divitis
612 1818 765 1887 domum.
790 1822 914 1889 Merito
932 1820 1114 1906 abdicasti,
1131 1847 1177 1893 an

95 1939 290 2007 immerito?
303 1938 332 2004 si
346 1937 518 2005 immerito
536 1935 721 2021 abdicasti,
741 1939 798 2005 odi
817 1953 948 2031 patrem
966 1954 1015 2006 tot
1033 1939 1176 2032 ejicien-

95 2071 159 2125 tem
171 2055 378 2122 innocentcs
395 2078 403 2119 s
420 2055 448 2121 si
461 2054 602 2136 merito,
619 2053 677 2122 odi
691 2054 829 2123 domum
845 2071 895 2122 tot
912 2055 1093 2126 facientem
1109 2073 1174 2132 uo,-

94 2188 224 2240 centes.
241 2169 386 2262 Aliquid
404 2171 440 2236 in
459 2168 558 2239 domo
575 2170 755 2264 locupletis
773 2197 844 2240 nou
862 2171 1033 2268 agendum
1055 2178 1174 2266 agam}

93 2313 169 2382 quae
189 2287 287 2381 apud
313 2311 376 2355 nos
398 2287 575 2382 frugalitas
593 2305 662 2374 est,
683 2289 774 2382 apud
794 2288 870 2358 illos
889 2289 1063 2359 humilitas
1082 2284 1174 2360 lest.

93 2408 185 2474 Petis
208 2407 336 2473 iterum
364 2407 478 2497 potius
500 2405 590 2473 filios
610 2430 713 2498 quam
732 2407 869 2498 recipis.
886 2407 976 2476 Colit
993 2407 1178 2478 etiamnum

94 2520 130 2586 in
142 2516 317 2613 Capitolio
332 2541 443 2586 casam
456 2521 567 2588 victor
579 2521 729 2588 omniurn
740 2522 893 2612 gentium
904 2519 1068 2613 populiis,
1079 2523 1178 2614 cujus

94 2652 221 2705 mutam
238 2635 434 2702 felicitatem
445 2658 544 2704 nemo
556 2637 710 2704 miratur.
724 2637 850 2703 Merito
860 2651 980 2728 potens
993 2654 1044 2704 est
1056 2664 1064 2705 s
1075 2661 1176 2708 neruo

93 2753 134 2820 ab
152 2751 230 2845 ejus
249 2729 384 2842 origiue
401 2766 468 2835 est,
490 2775 592 2842 quem
611 2775 680 2819 non
700 2750 878 2844 reliquerit
890 2745 916 2819 ⁵.
937 2755 1053 2838 Pater,
1072 2777 1178 2846 egre-

94 2866 248 2938 dientein
265 2884 316 2950 te,
338 2885 430 2936 certe
449 2867 587 2936 domum
603 2865 803 2937 redeuutem
818 2868 1018 2954 comitabor,
1034 2893 1098 2938 uec
1110 2872 1178 2940 nisi

95 2985 129 3053 in
147 2986 269 3054 limine
282 2984 434 3053 deseram
453 3011 460 3050 :
477 3008 537 3052 ero
551 2987 587 3051 iu
600 2984 741 3077 publico
754 2973 860 3054 lilius.
880 2986 966 3054 Amo
983 3011 1080 3078 aeque
1096 2967 1177 3080 pau·
1232 3001 1237 3011 '

129 3197 150 3228 r.
164 3173 305 3248 Quartum
323 3174 437 3226 addicat.
453 3171 521 3239 Quia
537 3191 613 3225 causa
696 3172 719 3224 3.
739 3173 800 3225 Non
820 3177 960 3238 irasceris,
977 3175 1032 3225 nisi
1048 3183 1078 3227 ut
1094 3187 1178 3230 emes.

35 3241 41 3249 ⁴
94 3265 143 3318 est,
158 3273 206 3306 cnr
217 3269 268 3325 ego
281 3249 394 3316 abdiam,
406 3263 430 3302 et
441 3261 614 3322 praetereacur
663 3251 692 3302 ld
704 3253 839 3320 sst,quod
848 3271 936 3314 umas,
950 3265 976 3305 et
987 3271 1029 3306 me
1039 3253 1066 3306 iu
1076 3254 1177 3308 divitias

93 3331 222 3385 abdicatio
246 3349 302 3382 uon
326 3328 492 3382 rescindatur.
516 3326 613 3380 Saltem
662 3326 768 3379 transire
787 3326 833 3379 ris.
849 3329 887 3379 Ita
903 3328 1024 3402 explicare
1037 3331 1125 3402 possis.
1135 3333 1179 3386 *Ut

93 3434 137 3486 pro
148 3411 221 3465 virili
233 3411 261 3463 id
272 3410 397 3484 impedire
408 3407 505 3462 nititur.
514 3407 614 3462 Sabell.
664 3403 731 3456 enim
747 3405 837 3476 passim
852 3405 905 3478 jam
918 3406 985 3477 apud
996 3409 1177 3464 declamatores
1239 3455 1241 3458 .

125 3514 149 3547 a.
163 3491 245 3546 Unde
263 3494 346 3544 talem
360 3501 473 3557 putrem.
490 3487 614 3540 Formula
663 3482 827 3552 quodsonst.
1097 3505 1100 3512 ·

94 3585 117 3624 rt
133 3568 268 3644 gemmula
290 3567 443 3620 Latinitatis.
465 3567 613 3638 lntegrum:
698 3561 722 3626 4·
735 3561 820 3631 Apud
830 3563 890 3614 illos
904 3563 1042 3618 humilitas
1052 3575 1100 3620 est.
1111 3566 1177 3636 Quas

97 3649 171 3702 Unde
182 3651 265 3701 talem
274 3658 382 3717 patrem
393 3655 540 3712 exspectes,
556 3655 612 3709 aut,
664 3657 711 3693 nos
733 3653 854 3712 tunquam
867 3713 870 3718 ι
886 3645 1025 3716 frugalium
1044 3647 1176 3701 laudamus

95 3729 224 3798 obtingere
232 3745 313 3796 posse
326 3725 431 3793 speres?
441 3718 541 3792 Quibus
552 3721 615 3795 pul·
664 3738 768 3772 munera
782 3732 806 3771 et
818 3720 936 3786 virtutes,
956 3721 995 3774 illi
1012 3737 1177 3798 aspernantur

96 3803 151 3858 clare
169 3803 319 3879 judicium,
340 3814 415 3871 atqua
434 3802 538 3853 aflectus
557 3819 615 3854 suos
665 3797 1178 3876 stdcspuuut,tauquamsbjeetommter.

97 3893 286 3956 expresserunt,
300 3899 381 3951 quum
393 3877 435 3932 vel
447 3879 614 3944 offerrentur,
664 3875 872 3946 raequefiliorum
881 3879 1159 3952 propriavitia.Srbu1!.

96 3975 135 4016 sut
158 3959 331 4034 contigissent
356 3977 404 4009 uec
431 3955 614 4028 opinantibus,
697 3954 1178 4030 5.Nemoab21·usortgtmsr,quem

96 4059 255 4116 quotquotve
266 4037 346 4094 unice
357 4046 527 4109 exspectarent
535 4055 564 4088 ac
574 4035 616 4087 de·
664 4053 715 4086 non
726 4036 865 4104 reliquerit.
875 4033 1001 4086 Periodus
1014 4032 1068 4088 bace
1078 4055 1131 4090 uon
1141 4051 1178 4092 est

93 4119 249 4184 siderearum
262 4115 308 4170 vel
319 4127 459 4179 voverent,
473 4133 560 4166 corum
573 4132 616 4165 co·
665 4111 857 4166 committenda·
867 4111 1087 4179 antecedentibus,
1107 4117 1180 4188 qussi

93 4197 192 4272 piaque
202 4196 256 4253 sibi
269 4192 414 4264 aliquando
425 4189 505 4246 lieret.
518 4189 616 4247 Setutt.
665 4191 770 4248 illorum
794 4192 827 4249 sit
846 4189 1013 4258 membrum,
1044 4206 1087 4249 sut
1106 4195 1181 4269 ratio·
