2876 4804
374 296 415 378 ¹4
596 291 717 360 lUSTl
742 289 870 358 LIPSII
893 291 1185 362 DlssERTATIO

368 435 444 480 nem
462 411 617 480 distribui.
641 411 744 476 Velim
765 411 851 476 idem
866 412 906 476 sit
924 413 957 476 in
975 413 1024 477 his
1040 413 1136 478 libris.
1158 413 1307 498 Quorum
1320 415 1436 504 profl

370 543 450 586 uens
477 537 511 584 et
525 520 653 608 copiosa
676 518 790 600 dictio,
812 534 938 583 tantum
959 519 1079 584 abesta
1100 520 1232 585 Senccae
1251 539 1365 612 arguta
1398 545 1436 588 e

369 628 495 692 concisa
532 625 739 713 eloquentia,
768 641 924 712 quantum
949 625 1139 690 Homericus
1174 627 1227 694 ille
1257 629 1383 694 Nestor
1422 653 1436 695 a

369 733 528 798 Menelao.

413 840 493 921 Quis
504 838 599 902 falsus
615 838 759 927 scriptor,
769 839 848 902 'satis
865 838 1004 904 dictum:
1021 839 1122 903 dicam
1138 841 1210 929 quis
1220 864 1326 906 verus.
1337 843 1436 908 Tarm

369 946 454 1010 clare
469 944 622 1032 idipsum,
639 959 677 1008 ut
697 945 722 1008 si
744 944 823 1032 quid
842 945 903 1009 hac
927 961 1017 1032 parte
1037 967 1158 1026 errem,
1181 969 1249 1010 non
1269 970 1436 1014 recusem

370 1052 448 1140 quin
464 1050 558 1114 Fides
572 1073 680 1114 aversa
694 1073 712 1113 a
729 1051 826 1112 mein
841 1071 1065 1116 ‘omneaevum
1084 1052 1118 1116 L.
1138 1052 1277 1116 hnnaeus
1296 1053 1436 1120 Seneca

369 1157 581 1246 philosophus
592 1173 715 1245 patrem
727 1157 840 1220 habuit
855 1158 985 1220 nomine
997 1173 1029 1221 et
1044 1160 1236 1246 cognomine
1250 1159 1379 1224 eodem.
1396 1162 1436 1226 Is

371 1262 469 1327 domo
485 1263 638 1327 Corduba
648 1262 724 1344 luit3
735 1263 949 1350 professione,
960 1263 1082 1327 rhetor.
1099 1264 1201 1328 Natus
1212 1281 1284 1328 ante
1296 1265 1436 1330 bellum

370 1367 873 1455 civileCaesarianum,supervixit
881 1366 922 1430 ad
931 1366 1185 1431 Claudiicirciter
1193 1371 1436 1458 principatum:

370 1476 437 1540 sinc
452 1475 647 1554 honoribus,
664 1489 696 1538 et
705 1497 772 1537 non
784 1473 870 1538 aliud
879 1495 974 1559 quam
984 1474 1183 1561 provincialis
1196 1497 1302 1563 eques.
1314 1477 1347 1540 Is
1355 1482 1436 1562 jam

370 1602 469 1646 senex
483 1605 550 1644 non
565 1580 662 1644 dubie
678 1578 747 1644 liliis
759 1579 822 1644 suis
837 1579 977 1667 scripsit,
995 1595 1050 1644 aut
1066 1579 1193 1646 dotavit
1208 1582 1335 1670 potius,

370 1689 426 1776 qui
448 1703 620 1773 supersunt
639 1685 935 1748 Controuersiarum
948 1701 981 1748 et
993 1686 1213 1750 Suasoriarnm
1227 1669 1334 1755 libros.
1357 1689 1436 1756 Sed

371 1809 407 1855 ut
418 1793 451 1855 in
469 1791 571 1854 Plauti
588 1790 713 1870 fabula,
736 1790 820 1854 inter
834 1789 917 1854 duos
933 1791 1166 1873 Menaechmos,
1179 1795 1222 1858 sic
1241 1795 1327 1858 inter
1337 1794 1436 1864 duos

370 1896 505 1961 Senecas
516 1895 707 1960 confusione
720 1896 888 1960 nominum
904 1911 995 1960 ortus
1009 1920 1109 1962 error.
1122 1899 1256 1964 Tributa
1269 1900 1329 1982 illi,
1346 1927 1436 1991 quae

370 2005 467 2090 hujus
491 2020 598 2068 erant:
612 2020 643 2067 et
665 2004 806 2068 claritate
827 2004 923 2069 nimiu
943 2003 997 2068 filii
1022 2007 1178 2072 oincurus
1193 2025 1283 2095 pater
1299 2011 1435 2094 hodic,

321 2089 324 2096 ¹
371 2112 436 2174 imo
451 2111 588 2198 ignotus.
612 2111 801 2174 Memoriam
820 2111 897 2175 boni
917 2112 999 2174 senis
1016 2112 1179 2200 fugitivam
1191 2114 1345 2202 (impune
1357 2117 1436 2184 hoc

371 2216 522 2303 dixerim)
547 2211 668 2305 liumus
694 2217 855 2282 retraham
875 2240 945 2306 ego.
963 2219 1058 2304 Ejus,
1074 2220 1225 2306 inquam,
1243 2221 1378 2287 Senecae
1392 2225 1435 2289 hi

370 2323 451 2388 libri.
465 2325 577 2388 Doceo
590 2347 629 2388 cx
640 2327 918 2413 aetate:quas.pat1i
930 2326 1098 2405 convenit,
1116 2325 1313 2393 disconvenit
1325 2331 1430 2417 proli.

371 2429 482 2493 Doceo
495 2452 534 2493 ex
545 2431 764 2519 inscriptione,
778 2432 892 2519 quaein
904 2433 1054 2496 omnibus
1064 2433 1166 2514 libris,
1177 2436 1270 2498 etiam
1280 2437 1430 2524 scriptis,

327 2605 331 2613 ἱ
371 2537 608 2625 concipitur:L.
635 2539 748 2604 Annaei
770 2539 914 2620 Senecae,
937 2539 982 2603 ad‘
1000 2539 1168 2621 Senecam,
1181 2542 1365 2626 Novatum,
1394 2561 1431 2609 et

369 2641 486 2706 Melam
503 2641 592 2709 filios.
610 2645 746 2732 Optime.
760 2647 849 2709 Inter
859 2662 923 2708 tres
935 2645 1015 2708 filios
1031 2667 1113 2732 quos
1127 2649 1288 2731 nominat,
1298 2649 1431 2715 Seneca

369 2749 580 2838 philosophus
593 2767 639 2812 est
647 2773 654 2814 :
663 2752 780 2837 reliqui
790 2754 857 2835 ejus
868 2749 990 2815 fratres.
999 2751 1139 2816 Stemma
1148 2753 1225 2818 tale:

528 2910 559 2964 L.
575 2905 630 2985 (vel
640 2911 729 2982 potius
742 2907 798 2988 M.)
812 2913 930 2965 Annaeus
944 2911 1060 2979 Seneca,
1076 2915 1122 2984 qui
1136 2913 1237 2968 rhetor.

526 3005 619 3075 Elbia,
632 3002 690 3077 ejus
703 3023 779 3062 uxor.

527 3202 558 3255 L.
574 3203 692 3256 Annaeus
704 3203 820 3272 Seneca,
830 3207 875 3276 qui
890 3205 1077 3278 Philosophus.
1162 3176 1166 3190 Ι

526 3301 644 3354 Annuus
655 3300 789 3370 Novatus,
803 3303 880 3356 aliter
890 3303 985 3357 lunius
1000 3305 1098 3360 Gallio.
1150 3299 1156 3310 ⁶

528 3401 646 3452 Anninus
657 3397 748 3465 Mela,
760 3400 816 3452 sive
827 3399 910 3454 Mella
916 3440 925 3468 ‚
936 3411 1013 3473 pater
1023 3404 1134 3457 Lucani.

368 3569 454 3652 Quid
466 3575 531 3657 jam
545 3571 779 3660 clarius,quam
787 3572 916 3639 Senecae
925 3578 1022 3664 patris
1032 3600 1099 3641 esse
1110 3579 1180 3644 haec
1190 3581 1423 3669 scriptalNam

368 3678 446 3764 quin
466 3674 860 3766 MelalillefraterSenecae
875 3683 1057 3772 philosophi
1070 3685 1119 3764 sit,
1140 3708 1206 3750 non
1221 3689 1363 3783 ambiges
1378 3716 1423 3758 ex

369 3785 418 3848 his
429 3784 517 3850 locis.
533 3787 659 3850 Tacitus
670 3787 752 3851 libro
772 3790 1163 3874 xv1AnnaliumuMela,
1180 3794 1298 3880 quibus
1312 3795 1422 3863 Gallio

270 3941 274 3950 .
327 3897 329 3902 ‘
369 3922 381 3946 «
400 3907 432 3954 et
447 3890 566 3956 Seneca
581 3894 766 3982 parentibus
780 3911 888 3978 natus,
905 3898 1058 3984 petitione
1069 3899 1234 3964 honorum
1245 3901 1420 3971 abstinuit:

370 4027 381 4052 κ
398 4020 457 4085 per
467 3999 673 4064 ambitionem
683 4017 922 4090 praeposteram,
936 4019 972 4066 ut
985 4025 1083 4091 eques
1097 4005 1261 4070 Romanus
1272 4011 1421 4076 consula·
