2878 4816
311 408 375 476 216
635 407 681 470 M.
708 405 852 474 ANNAEl
874 351 1052 474 SENECAE

308 553 398 608 stare
417 560 486 604 non
502 535 630 627 potuit,
654 533 743 600 side
767 548 800 600 te
824 533 955 600 liberoa'
966 533 1165 602 sustulisset.
1190 537 1356 605 Caeduntur

308 648 452 742 flagellis
468 661 574 732 artua,
586 644 789 714 verberibus
805 668 929 740 corpur
945 646 1193 741 abrumpitur¹,
1213 653 1355 744 exprimi·

309 781 431 856 turque
452 763 535 857 ipaia
556 761 712 830 vitalibus
734 787 741 828 :
769 778 870 830 tacet.
891 761 946 831 An
965 764 1009 831 ait
1031 765 1095 832 tibi
1114 766 1178 834 ieta
1197 765 1306 836 datura
1319 766 1355 833 li·

306 881 407 968 beroa
422 880 556 965 neaci05
585 876 849 971 tyrannicidium
873 877 979 947 dedit.
1001 881 1050 948 Ita
1064 897 1133 966 eat,
1151 882 1279 966 mulier,
1295 905 1352 951 non

305 999 357 1066 via
372 1001 529 1091 parere²,
552 993 695 1064 delicata
713 1017 769 1076 aa,
787 997 956 1063 cruciatur
971 1020 1149 1091 puerperae
1162 1001 1267 1070 timet.
1280 1002 1307 1068 F
1308 1023 1354 1066 re-

306 1113 417 1182 mebat
439 1112 675 1204 indignatione
694 1127 800 1203 captae
818 1111 963 1178 civitatis
988 1114 1151 1194 maritus,
1179 1129 1212 1180 et
1231 1113 1352 1182 coneilio

305 1253 365 1298 auo
384 1244 419 1297 et
434 1229 546 1296 uxoria
570 1227 737 1320 adjutorio
759 1227 890 1308 fortior,
909 1227 1076 1318 quomodo
1092 1228 1238 1296 occidam
1253 1245 1351 1319 tyran·¹
1411 1305 1412 1316 q

304 1348 408 1415 numi
427 1323 513 1438 Quae
538 1369 617 1438 pars
639 1343 813 1412 accedenti
837 1345 978 1430 maxime
996 1347 1118 1412 vacat?
1137 1346 1195 1412 ubi
1214 1345 1352 1414 custodie

303 1463 453 1532 certanti
466 1462 525 1530 ubi
539 1479 658 1529 natura
674 1461 738 1528 loci
754 1460 883 1527 minora
898 1461 1107 1528 munimento
1120 1463 1276 1530 virtutem
1286 1459 1352 1530 aub-

303 1581 439 1650 movet?
455 1579 511 1650 sic
536 1579 649 1646 viret
681 1600 765 1644 uxor
785 1591 932 1644 mentem
949 1573 1173 1646 exercebant³
1204 1606 1211 1644 :
1236 1579 1351 1646 miraris

303 1699 331 1767 ai
356 1696 477 1765 maurit
493 1694 763 1786 quinquennium
779 1693 872 1770 inter
897 1715 1034 1762 uxorem
1048 1707 1191 1775 tortam,
1207 1711 1239 1763 et
1256 1696 1350 1762 virum
1377 1778 1381 1785 .

303 1811 529 1904 occupatum?
543 1807 701 1878 seviebat
718 1809 899 1876 etiamnum
917 1824 1083 1900 tyrannus
1100 1839 1110 1897 ς
1127 1810 1351 1902 torquebantur

305 1931 340 1995 in
360 1940 543 2018 conspectu
561 1924 712 1993 virorum
737 1947 875 2008 uxorem
901 1925 1086 2017 prenitebat
1104 1942 1225 1996 matres
1242 1925 1351 1994 lmcun

302 2041 417 2109 ditatis
434 2063 513 2107 auae.

351 2155 453 2224 Hrsro
478 2155 638 2222 Ronanus
665 2155 801 2246 inquit:
822 2155 1045 2226 Desiderabaa
1071 2156 1228 2237 liberos„
1241 2171 1276 2222 ut
1294 2152 1351 2219 aiot

302 2269 428 2366 quibus
446 2271 619 2363 relinquas
638 2259 892 2364 patrimonium.
912 2274 1067 2367 Ingrato,
1088 2275 1135 2342 ita
1152 2291 1189 2343 tu
1202 2271 1262 2342 bac
1275 2268 1348 2338 solra

301 2385 469 2458 baeredcm
480 2409 548 2454 non
560 2383 683 2457 habet?
694 2386 825 2456 nullum
837 2389 995 2455 tormenti
1008 2411 1116 2480 genua
1127 2383 1348 2467 omniaomnia

301 2499 452 2574 membra
476 2502 619 2580 laniata,
644 2527 762 2572 omnea
783 2519 898 2596 partes
920 2505 1088 2576 convulsae
1111 2521 1189 2573 eunt
1206 2531 1214 2571 ι
1230 2505 1348 2572 acimum

302 2645 425 2714 corpus
447 2620 615 2714 fingenio,
638 2637 813 2706 exustum,
837 2621 1032 2690 convulsum
1056 2623 1252 2707 tormentia3
1268 2621 1349 2712 igno·

301 2739 401 2808 acetis
419 2752 501 2831 puto
518 2736 743 2812 mulierculoe‚
762 2739 791 2802 ei
810 2736 926 2806 dixero
947 2765 954 2804 :
973 2739 1072 2808 Fatua
1094 2755 1145 2808 cet
1157 2735 1184 2806 ⁴.

349 2853 503 2919 Hroronrs
518 2852 695 2916 Conunnn.
713 2851 921 2920 Contabatur
939 2852 997 2920 ille
1012 2881 1021 2942 ς
1036 2877 1100 2922 nec
1113 2854 1193 2924 ullia
1206 2850 1347 2922 adhorto-

300 3075 351 3115 tem
359 3063 503 3126 maritum
516 3062 600 3132 accipe
611 3062 679 3114 illius
690 3082 775 3116 curam
787 3079 812 3118 et
860 3066 955 3119 lecto.»
970 3065 1021 3119 Ubi
1034 3065 1202 3130 Scholiasta,
1215 3065 1254 3118 via
1269 3071 1314 3120 etl·
1326 3067 1349 3109 ⁸¹

301 3140 432 3192 rationem.
442 3140 545 3195 Teront.
558 3139 636 3193 dodr.
651 3139 693 3193 bn.
705 3164 717 3188 a
726 3142 809 3195 Mein
860 3145 1019 3218 puerperium
1041 3145 1162 3196 sustineat
1179 3143 1246 3195 diver
1264 3135 1347 3190 mullet·

300 3217 349 3270 tuis
360 3216 475 3271 accondit
486 3218 586 3289 respice.
601 3241 614 3268 a
626 3218 724 3273 ScbuIt.
860 3222 926 3274 Nam
938 3222 1072 3274 sterilitatia
1083 3235 1126 3274 aut
1135 3221 1235 3274 abortna
1245 3215 1346 3291 poculum

336 3315 356 3347 ι.
369 3294 525 3348 Verberibus
536 3315 626 3364 corpus
637 3292 808 3366 abrumpitur.
858 3298 933 3352 aumit
942 3299 974 3351 ab
983 3295 1348 3352 obstetriceautmalelica.l'ttet·

300 3372 402 3441 Corpus
421 3374 506 3445 accipe
527 3387 552 3427 ut
572 3375 636 3447 apud
654 3375 808 3428 Pbaedrum:
859 3395 916 3449 pera
936 3376 1028 3428 dicitur
1049 3375 1151 3450 puella,
1174 3393 1228 3446 qute
1249 3367 1347 3445 primii&

302 3474 315 3498 κ
327 3451 414 3504 l’eciaae
427 3469 516 3522 corpus
525 3489 532 3513 ,
542 3473 555 3499 n
569 3451 694 3524 pinguem‘
706 3471 758 3504 asae
769 3454 807 3505 ia·
857 3454 932 3523 parit.
943 3453 1042 3507 Schola

299 3543 374 3582 ctum.
395 3527 441 3582 Cui
454 3529 607 3582 contrarium
622 3528 675 3580 Gir.
689 3550 703 3575 u
712 3528 808 3602 Corpus
890 3530 966 3584 &Sic
976 3535 1017 3583 vir
1026 3541 1051 3583 et
1060 3541 1246 3584 uxormentem
1256 3539 1347 3580 exem·

299 3604 808 3675 amiriaac.»QuintilDeclann5:«Haeret
856 3610 927 3662 bant.
945 3608 1085 3672 Sollicitam
1097 3608 1222 3662 habebant
1233 3615 1345 3662 mentem»

299 3684 413 3739 adstricta
428 3683 530 3736 nudatis
544 3682 641 3736 oatibua
655 3682 731 3746 cutia,
744 3695 769 3736 et
781 3684 807 3735 in
857 3687 1048 3760 urgebantque,
1064 3687 1124 3738 dum
1137 3687 1189 3740 viar
1204 3692 1347 3738 tractantu-

298 3767 365 3818 same
382 3783 427 3818 rua
445 3762 551 3816 bomine
568 3774 733 3833 consumpto,
755 3763 806 3834 iarn
856 3785 914 3818 curn
935 3764 1107 3837 tyrannicidii.
1126 3763 1204 3817 Tacit.
1221 3757 1307 3815 Anntl·
1321 3753 1345 3814 Ῑι

298 3842 412 3897 membra
425 3849 484 3894 aunt
497 3840 553 3893 aine
569 3859 697 3912 corpore.»
709 3837 807 3891 sctutr.
856 3863 909 3915 cap.
925 3843 1123 3907 rptnExemitae
1132 3853 1257 3904 ηωαρ
1269 3831 1346 3906 quibat
1389 3881 1394 3902 „

332 3941 355 3972 a.
365 3922 474 3981 Iterat,
486 3919 589 3980 mulier.
598 3935 650 3968 eron
659 3919 699 3970 via
706 3935 806 3985 parere·
855 3920 962 3973 multum
976 3939 1106 3985 curarum,
1115 3920 1249 3980 laborum,
1262 3911 1347 3984 pericu·

298 3999 391 4070 Tangit
400 3997 503 4059 vitium,
512 3995 617 4067 quodin
626 3993 807 4065 potentioribus
854 3997 939 4050 lorum
951 3996 1109 4053 subeundum
1123 3996 1177 4050 fuit.
1190 3992 1278 4048 Schult-

298 4074 399 4128 seminia
410 4075 555 4147 peretrinait
566 4073 685 4127 Juvenal.
698 4072 751 4126 Sat.
761 4089 789 4126 vr
800 4091 806 4125 :
888 4076 912 4137 4.
926 4071 959 4126 St
968 4075 1078 4128 dixero:
1089 4073 1179 4126 Fossa
1189 4079 1232 4124 est.
1243 4067 1299 4128 Vos,
1307 4079 1346 4114 ΙΙ·

299 4173 312 4198 ιε
321 4151 372 4205 Sed
389 4153 452 4222 jacet
467 4165 554 4208 aurato
569 4150 609 4204 vix
621 4149 672 4203 nlla
684 4167 806 4222 puerpera
854 4150 926 4219 quit,
937 4149 1114 4223 sapientissimi
1124 4148 1171 4204 riri
1178 4183 1186 4216 ,
1198 4146 1342 4219 ignoscerem
