2874 4796
300 385 365 474 470
623 386 672 452 M.
698 385 844 454 ANNAEI
867 384 1047 454 SENECAE
1144 377 1148 391 λ

237 492 240 506 ’
299 516 375 607 quis
390 529 499 606 roget.
515 514 593 582 Non
607 536 680 582 sum
694 514 819 610 hospes
832 515 957 608 gravis.
972 517 1088 586 Unum
1102 540 1217 588 senem
1230 516 1381 586 advoco.

297 629 371 695 Hoc
383 627 447 695 tibi
460 626 545 694 vitio
558 624 686 721 placui,
697 643 806 722 pater.
818 629 972 696 Perierat
980 645 1071 699 totus
1083 631 1190 714 orbis,
1205 632 1276 700 nisi
1290 631 1382 697 iram
1427 633 1433 646 '

298 741 415 810 finiret
427 741 673 810 misericordia.
689 745 838 812 lactatus
849 743 941 813 inter
951 743 1037 814 duos
1050 760 1177 839 patres,
1194 745 1381 836 utriusque

298 856 407 940 filius,
439 881 572 950 semper
590 873 702 926 tamen
726 859 888 928 felicioris
911 858 1101 930 abdicatus.
1126 858 1218 929 lllnd
1238 876 1379 940 tamen,

297 1111 388 1170 cum,
408 1104 518 1181 pater,
535 1089 646 1157 aliena
658 1077 791 1158 limina.
807 1089 993 1160 Ostendam
1008 1093 1177 1178 omnibus,
1196 1111 1232 1162 et
1247 1115 1304 1160 me
1319 1092 1381 1183 qui

297 1202 458 1272 alimenta
473 1201 575 1290 dedi,
592 1221 626 1272 et
639 1219 673 1273 te
686 1207 905 1300 qui‘negasti.
922 1207 1084 1277 Abdicari
1098 1233 1166 1278 non
1181 1232 1322 1302 possum
1336 1205 1382 1275 ob

300 1318 337 1386 id
351 1317 443 1412 quod
458 1319 543 1399 feci,
561 1321 637 1415 lege
650 1336 807 1416 cogente.
824 1321 921 1416 Quid
934 1325 961 1392 ai
975 1323 1062 1394 llere
1075 1350 1127 1395 mc
1142 1343 1258 1412 retes,
1272 1348 1379 1418 quum

300 1435 371 1504 vidi
391 1436 561 1507 hominem
582 1437 836 1508 calamitosum?
852 1442 929 1510 Non
943 1457 1022 1510 sunt
1042 1443 1184 1512 affectus
1202 1443 1313 1511 nostri
1343 1441 1380 1508 in

300 1568 414 1623 nostra
428 1569 616 1647 potestate.
632 1553 797 1647 Quadam
806 1555 886 1648 jura
904 1581 973 1626 non
994 1560 1145 1653 scripta,
1162 1558 1223 1628 sed
1241 1558 1381 1651 scriptis

299 1669 456 1738 omnibus
471 1669 619 1738 certiora
632 1686 723 1740 sunt.
771 1667 773 1670 ’

347 1814 462 1884 PARS
486 1817 678 1886 ALTERA.
693 1818 867 1886 'Crescere
886 1843 926 1887 ex
947 1842 1022 1888 mea
1043 1820 1224 1913 proposuit
1246 1819 1381 1890 invidia

248 1930 257 1944 “
299 1931 423 2013 homo,
454 1933 514 2024 qui
538 1932 718 2001 remelius
738 1933 870 2026 jactare
891 1950 1021 2028 potest,
1051 1959 1153 2028 quam
1178 1935 1378 2006 defendere.

208 2091 220 2104 .
295 2050 410 2144 Justus
423 2071 518 2116 meus
533 2064 662 2137 metus3
686 2073 731 2119 ne
747 2047 919 2120 heredem
935 2054 1109 2145 ingratum
1123 2052 1292 2136 scribam,
1311 2055 1380 2122 ini-

297 2168 421 2234 micum
434 2166 640 2259 relinquam.
662 2168 772 2236 Etiam
789 2169 817 2236 si
832 2184 868 2236 tu
883 2191 952 2237 non
967 2168 1069 2238 odisti
1084 2165 1184 2254 eum,
1211 2173 1275 2261 qui
1298 2172 1378 2239 lecit

297 2281 382 2350 mihi
396 2283 555 2390 injuriam
573 2309 581 2349 2
598 2285 660 2376 ego
676 2281 733 2353 odi
751 2284 868 2368 illum,
889 2287 948 2377 qui
964 2285 1046 2382 lecit
1058 2274 1292 2355 tibt'Desinit
1305 2311 1377 2356 esse

295 2380 408 2486 lilius,
437 2403 497 2493 qui
523 2425 592 2470 non
616 2417 746 2472 tantum
773 2425 794 2469 a
817 2419 915 2496 patre
935 2401 1132 2488 abdicatus,
1159 2404 1220 2472 sed
1243 2405 1288 2472 ab
1310 2405 1377 2474 alio

291 2516 470 2612 adoptatus
483 2534 547 2586 est.
565 2517 708 2599 Audite,
727 2541 829 2609 quam
844 2517 947 2588 valde
962 2519 1129 2610 eguerim.
1145 2499 1306 2589 Fratrem
1321 2546 1381 2590 ro-

291 2635 381 2726 gavi.
403 2635 491 2728 Quis
512 2657 569 2717 es,
591 2650 627 2702 tu
647 2635 707 2726 qui
729 2613 773 2701 de
786 2628 876 2702 lacto
890 2650 1027 2728 patrum
1045 2634 1133 2702 feras
1147 2637 1382 2706 sententiam?

290 2749 345 2818 Ad
367 2767 400 2818 te
419 2750 587 2818 arbitrum
607 2749 684 2818 odia
699 2765 816 2816 nostra
841 2773 911 2818 non
932 2751 1110 2824 mittimus.
1136 2749 1279 2820 ludices
1297 2753 1380 2823 deos

298 2864 477 2933 habemus.

340 3004 510 3074 EXTRA.
543 2987 664 3072 durrus
689 3008 836 3076 Fuvus¹
868 3018 1085 3097 pretextatus
1112 3005 1206 3098 'apud
1230 3009 1379 3078 Casrrnn

290 3122 539 3188 controversias
563 3120 784 3191 declamabat.
814 3123 956 3215 Semper
977 3136 1093 3189 autem
1115 3125 1378 3194 commendabat

289 3237 519 3328 eloquentiam
536 3237 610 3328 ejus
623 3236 738 3331 aliqua
751 3259 806 3305 res
819 3253 913 3305 extra
926 3236 1158 3328 eloquentiam
1168 3243 1195 3305 ².
1210 3233 1252 3306 ln
1269 3263 1376 3332 puero

290 3352 493 3443 cloquentiae
506 3353 714 3454 lenocinium
728 3369 802 3421 erat
815 3353 946 3446 ingenii
963 3368 1056 3422 retas.

289 3520 392 3573 Rectius
415 3521 443 3573 in
470 3519 620 3575 Britannico
646 3520 802 3592 exemplari:
855 3521 967 3594 posuisse
978 3520 1007 3573 in
1019 3518 1146 3593 principio
1154 3521 1309 3594 adegarius,
1319 3522 1376 3592 qui·

289 3599 355 3667 qnid
367 3598 608 3667 nonspcrandurm
621 3617 674 3668 quo
696 3615 755 3650 usus
767 3610 804 3651 est
856 3597 1123 3667 cumqueillslnsrit‚
1137 3598 1207 3670 qnod
1220 3611 1309 3670 postes
1322 3603 1375 3654 fere

289 3677 389 3729 lsaacus
402 3675 550 3743 l’ontanos,
565 3675 677 3728 analect.
693 3675 737 3729 lib.
750 3677 807 3740 lll,
858 3696 911 3728 uno
926 3676 973 3728 isto
987 3673 1127 3738 vocabulo,
1146 3691 1253 3742 utne,
1268 3679 1375 3754 signill-

294 3772 348 3824 cap.
366 3755 389 3818 4.
402 3751 500 3806 Solon.
858 3765 958 3808 taturus
969 3767 1030 3807 erat.
1042 3753 1098 3806 Lib.
1111 3753 1156 3818 Ν,
1171 3755 1246 3808 Doel.
1260 3773 1300 3820 11,
1321 3773 1371 3812 est:

327 3831 461 3886 nExrau.
470 3832 561 3901 Alfius
570 3829 687 3897 Flavus,
699 3843 746 3885 stc.
756 3831 809 3884 lla·
858 3833 952 3885 Extra
964 3837 1174 3886 controversiam.
1186 3837 1343 3890 Gmsooe'us.

292 3909 355 3962 bent
368 3909 523 3962 membrana
535 3908 661 3962 Vossians
671 3921 695 3962 st
706 3909 808 3986 liugan.
891 3929 914 3962 a.
928 3907 1021 3963 Extra
1033 3911 1216 3980 eloquentiam.
1228 3911 1302 3964 Libri
1321 3913 1371 3968 duo

294 3987 387 4042 Extra
405 3991 605 4042 controversiam
622 3990 700 4043 dalla.
717 3989 808 4059 Alfius
857 3995 1074 4058 controversiam
1085 3989 1155 4061 quod
1167 4010 1223 4044 non
1234 3991 1373 4047 beneron-

295 4067 410 4132 Flarus,
430 4080 477 4121 etc.
495 4066 605 4120 Videtur
625 4065 670 4137 sie¹
684 4065 807 4138 integrius
858 4067 924 4139 gruit
937 4066 1215 4138 sequentibusSchott.

744 4197 927 4223 a*
