2878 4816
295 436 359 502 s38
618 433 666 497 Μ.
693 429 839 498 ANNAEl
861 429 1042 498 SENECAE

224 637 227 644 ⁴
294 559 411 643 cultis,
430 559 586 640 incessu,
605 556 728 642 fnoie¹,
748 553 874 648 aliquis
884 571 1117 648 inpertusest,
1134 561 1194 651 qui
1208 563 1368 634 incurte-

291 693 364 760 ret,
387 690 421 743 et
436 673 507 743 reti,
519 671 687 741 adultere
702 677 743 740 sd
754 693 824 740 nou
840 669 1062 740 subdoceret.
1081 674 1337 748 Internuntiom
1353 729 1364 756 ,

189 785 192 795 ’
295 809 378 888 puto
390 790 604 860 sollicitantis
616 813 672 875 se,
687 787 797 880 arripi
815 804 851 855 et
861 787 1029 856 denudari
1038 790 1318 888 jussit,.ilagelln·
1334 813 1369 864 et

142 905 148 920 '
294 908 456 998 verbere,
483 924 518 975 et
539 930 639 975 omne
659 927 770 998 genus
793 906 963 972 cruciatus
976 907 1155 1000 poposcit,
1185 909 1223 975 in
1250 910 1368 1003 plagas

289 1027 465 1096 deterrimi
484 1023 646 1117 mancipii
663 1025 719 1092 viu
741 1020 1008 1090 imbecillitatem
1041 1022 1218 1092 muliebris
1246 1049 1369 1096 uranus

293 1141 475 1212 continuit.
495 1138 674 1208 Nemesin
690 1153 869 1228 negantem
888 1137 1011 1204 iterum
1032 1153 1144 1231 rogat,
1166 1138 1364 1230 Quotiens,

292 1256 384 1350 quod
402 1281 472 1325 non
496 1280 566 1326 une
595 1254 888 1347 peregrinareris,
918 1269 1038 1344 questo
1059 1255 1120 1322 es?
1145 1254 1237 1348 epod
1262 1269 1368 1347 quem

292 1372 468 1464 indigesta
484 1395 521 1439 es
533 1373 547 1438 l
561 1370 706 1438 Abunde
723 1371 759 1434 in
773 1383 1011 1460 argumentum
1027 1365 1199 1458 pudicitie
1211 1371 1368 1462 profutu·

292 1515 368 1558 rum
382 1503 500 1584 putas,
517 1490 552 1556 si.
563 1504 719 1580 stuprum
738 1501 869 1552 tantum
884 1483 1064 1576 negaveris
1073 1484 1195 1576 ,quod
1215 1485 1368 1578 plerum-

294 1609 478 1702 que-etism
488 1604 772 1699 impudicissime,
789 1624 851 1694 spe
862 1598 1033 1669 uberioris
1044 1603 1193 1693 premii,
1209 1601 1253 1671 de
1268 1605 1369 1672 iudu-

292 1727 374 1794 stria
386 1721 538 1791 simulet(
552 1718 701 1813 Quando
715 1717 759 1786 de
773 1717 900 1809 injuria
915 1733 972 1784 tus
984 1716 1060 1786 viro
1070 1720 1255 1812 scripsisti,
1270 1739 1307 1788 et
1322 1745 1366 1790 ue

291 1844 328 1910 in
343 1841 553 1910 occasionem
571 1835 692 1904 siruilis
715 1835 850 1927 injuriae
871 1832 1018 1902 solitudo
1034 1851 1090 1902 tua
1111 1853 1265 1927 pateret,
1293 1861 1368 1906 un*

290 1956 453 2025 turicrem
471 1953 617 2022 reditum
635 1952 786 2044 rogasti?
803 1967 837 2017 et
852 1965 980 2042 quanto
998 1949 1175 2020 decentius
1188 1969 1368 2022 contume-

291 2075 371 2142 liam
398 2071 623 2166 penetralium
649 2091 800 2137 meorum
825 2067 940 2134 uxoris
956 2067 1118 2160 epistole,
1143 2091 1244 2159 quem
1262 2083 1367 2139 tata·

291 2209 404 2262 mento
441 2189 687 2270 sollicitatoris,
717 2185 984 2278 cognoscerem?
1011 2181 1223 2254 Miserrimus
1254 2191 1366 2256 omnis

290 2308 396 2378 seculi
417 2305 578 2385 maritus,
607 2302 635 2369 si
660 2315 852 2393 contempta
867 2299 1021 2368 absentia
1038 2321 1133 2387 mea,
1154 2302 1366 2373 etiamnunc

291 2424 449 2519 injuriam
470 2444 579 2490 meam
597 2419 786 2500 nescirem,
808 2417 837 2483 si
855 2418 915 2508 qui
933 2415 1080 2498 feceret,
1100 2433 1215 2486 tacere
1234 2417 1364 2487 vttleis⁴

289 2559 354 2612 set.
374 2535 780 2612 Totiens-sollicitantem
812 2535 847 2601 in
873 2535 969 2602 istem
997 2533 1203 2626 faciemque
1226 2536 1365 2628 placere

290 2673 442 2752 peteres,
456 2652 670 2724 convertisti.
686 2651 762 2716 Nou
775 2659 1149 2729 omns-ornamentum,
1164 2649 1272 2717 veluti
1288 2675 1366 2720 cau·

291 2797 360 2842 sam
385 2761 635 2861 talis-injurie,
664 2781 834 2832 exsecrata
860 2767 924 2832 es?
946 2761 1050 2855 Quod
1067 2768 1256 2858 proximum
1277 2785 1364 2838 ests

289 2890 525 2983 promittente,
553 2899 671 2976 rogata
695 2898 874 2973 stuprum,
904 2897 1005 2950 tacet.
1029 2883 1191 2975 Inspicite
1212 2883 1364 2953 adulteri

289 3027 426 3074 censum
445 3025 485 3070 en
506 3024 547 3068 eo
568 3001 726 3091 impune,
751 2998 780 3065 ti
802 2997 894 3089 quod
913 2997 1077 3066 adulteris
1094 2998 1237 3082 edidit²,
1263 3003 1297 3073 si
1314 3015 1365 3072 at

290 3115 525 3212 aliquid-quod
536 3137 604 3186 noo
615 3117 693 3183 erit.
712 3111 808 3204 Quid
821 3113 1018 3210 singillatim
1031 3116 1141 3182 omnis
1156 3121 1366 3208 percenses?

289 3329 444 3404 gratiorulla
454 3340 503 3390 cst,
517 3326 602 3394 Quam
613 3325 661 3378 sibi
672 3343 729 3396 quae
738 3323 799 3376 Vari
883 3344 906 3376 o.
918 3325 1044 3392 Inspicite
1051 3327 1364 3382 Meminerimus

288 3408 436 3484 proscripsit
456 3407 549 3480 pagina
570 3425 695 3458 nomen.»
717 3403 798 3457 Etiam
848 3399 1363 3468 impono,rtcmdadulteriudide,ete

288 3491 353 3544 θον-
372 3501 397 3541 et
412 3489 488 3540 llodv
498 3489 703 3556 impudicitiam,
722 3484 743 3536 ti
754 3485 798 3536 ias
848 3482 941 3534 Sensus
961 3494 1016 3533 ost:
1028 3479 1148 3554 lntpirits
1160 3481 1286 3534 adulte-e
1296 3485 1365 3534 ten·-

286 3568 351 3621 rnsis
370 3563 527 3639 marginibus
539 3565 648 3618 credere.
662 3561 743 3613 'lacit
756 3561 797 3624 lt,
848 3579 917 3624 som,
930 3571 954 3611 et
964 3559 989 3612 ei
1001 3559 1104 3632 impune
1115 3561 1163 3626 sit,
1174 3559 1270 3631 siquid
1281 3561 1363 3614 adul-

287 3646 386 3700 llittcn
397 3644 445 3705 65,
463 3641 563 3707 locum,
581 3641 627 3711 qui
647 3639 696 3692 ltuc
711 3638 797 3702 tant,
847 3649 885 3690 ter
904 3637 957 3706 eius
971 3635 1061 3701 dedit,
1082 3638 1103 3692 si
1116 3650 1152 3690 stt
1162 3635 1276 3706 aliquid,
1291 3638 1362 3710 quod

287 3725 364 3778 tiabit.
380 3721 460 3774 Paulo
476 3735 550 3774 ante:
563 3719 626 3771 «sic
639 3738 664 3772 se
677 3717 743 3768 inter
753 3735 799 3768 vs·
847 3735 901 3770 non
918 3715 1023 3769 dedorilt
1042 3717 1125 3789 Supra
1141 3733 1149 3768 t
1165 3717 1251 3770 «Non
1268 3735 1363 3772 soemo

285 3801 413 3858 remudis
422 3795 528 3872 pignora
538 3792 796 3868 longesntsnouim·
847 3793 1002 3858 adulteram,
1016 3794 1066 3846 niti
1084 3793 1189 3846 divitem
1204 3797 1299 3847 factm
1312 3814 1321 3849 ε
1333 3817 1363 3849 ex

286 3884 404 3958 puditum
415 3880 504 3934 claruet
517 3898 577 3945 cre,
595 3896 671 3947 quam
685 3874 771 3926 vsrlc.
781 3895 795 3920 s
847 3891 876 3924 aa
889 3871 1048 3926 (lomensem
1057 3869 1195 3946 protraho,
1206 3871 1233 3926 in
1244 3891 1297 3942 qna
1308 3873 1362 3944 ᾗιω

322 3981 344 4016 t.
355 3961 445 4023 Cultu,
456 3953 796 4022 incessu,soct'e.l'sn.Cul·
847 3951 912 4004 uiltil
921 3969 1008 4004 inaure
1021 3964 1086 4004 etta
1100 3951 1177 4021 Quod
1190 3971 1251 4004 cutte
1261 3949 1362 4025 hyper·

286 4053 324 4102 tu,
336 4045 442 4099 incessu,
455 4055 580 4100 semrom,
586 4035 661 4102 socie.
669 4031 796 4084 Niltillrc·
844 4029 903 4082 bole
914 4028 982 4082 'ituit
1000 4029 1148 4092 mmmm,
1166 4044 1195 4082 ut
1214 4031 1268 4086 line
1286 4033 1359 4106 ipsas

285 4133 342 4170 rota
360 4113 559 4174 exturbandum,
581 4121 626 4164 aot
636 4123 795 4181 pretereun-
834 4127 923 4178 *eaque
934 4119 1155 4180 consequentuer
1168 4106 1359 4178 quilius-tum

286 4194 357 4246 duan
368 4192 466 4246 Srlrolt.
606 4201 608 4208 ·
844 4187 906 4240 ratio
926 4188 1069 4241 continetur
1084 4187 1168 4258 aliens
1185 4187 1360 4262 hyperbius:
