2866 4814
303 465 349 554 94
625 464 674 528 M.
700 461 845 528 anum
869 460 1049 528 suasca

302 591 363 658 sed
376 591 519 682 ejectum
545 605 613 675 est3
633 605 766 682 tempus
784 606 856 657 erat
878 612 940 656 nos
960 591 1110 674 sortiri¹,
1129 613 1217 659 urna
1230 610 1376 684 purgate

234 783 237 790 Ι
303 721 367 772 est.
384 707 514 774 Stetisti
526 706 640 799 puella
655 708 690 772 in
707 705 863 799 lupanari
881 731 889 772 ε
907 721 945 772 ut
957 729 1056 774 nemo
1072 721 1105 775 te
1120 708 1315 788 violaverit,
1332 709 1378 776 lu·

303 848 363 894 cus
380 827 452 918 ipsc
476 823 627 892 violavit.
654 823 783 892 Stetisti
806 846 884 891 cum
907 822 1161 909 meretricibus,
1185 826 1309 893 stetisti
1328 825 1378 892 sic

303 955 434 1023 ornata,
445 955 484 1006 ut
499 938 626 1031 populo
639 937 776 1030 placere
794 959 922 1029 posses,
936 960 976 1003 ea
991 953 1085 1006 veste
1099 963 1200 1030 quam
1215 938 1294 1008 leno
1309 937 1378 1006 de-

303 1052 411 1122 derat.
440 1055 571 1120 Nomen
596 1068 691 1119 tuum
717 1049 881 1144 pependit
909 1052 946 1117 iu
968 1052 1080 1121 fronte
1104 1079 1112 1119 τ
1137 1055 1249 1147 pretia
1264 1045 1378 1147 stupri

302 1171 481 1262 accepisti3
507 1184 541 1235 et
568 1191 708 1252 manus,
728 1191 802 1258 quas
817 1166 883 1236 diis
900 1165 1019 1235 datura
1037 1186 1110 1237 erat
1125 1193 1238 1254 sacra,
1255 1185 1378 1262 captu-

304 1309 358 1353 ras
376 1284 490 1369 tulit²;
503 1306 580 1350 cum
594 1279 829 1374 deprecareris
840 1281 1000 1349 intrantis
1010 1283 1200 1375 amplexus,
1212 1299 1252 1350 ut
1263 1286 1380 1351 omnia

303 1397 369 1464 alia
396 1395 609 1490 impetraris,
641 1393 754 1462 osculo
780 1396 919 1484 rogasti.
942 1394 1081 1462 Ancillas
1097 1419 1138 1462 ex
1155 1394 1380 1487 lupanaribus

306 1512 473 1582 sacerdoti
488 1533 558 1578 non
573 1526 733 1580 emuntur
748 1535 755 1575 :
775 1533 888 1577 coram
902 1507 1077 1577 sacerdote
1091 1508 1256 1577 obsooenis
1270 1510 1380 1578 homi·

305 1651 364 1698 nes
382 1627 566 1695 abstinent.
585 1628 662 1692 Non
678 1626 751 1692 sine
769 1647 869 1692 causa
893 1622 1058 1693 sacerdoti
1084 1623 1184 1694 lictor
1209 1641 1376 1718 apparet3

306 1740 498 1809 occurrenti
525 1737 589 1804 tibi
610 1739 823 1806 meretricem
843 1738 1077 1808 submovisset.
1102 1741 1178 1806 Non
1194 1751 1246 1806 est
1261 1738 1379 1806 credi·

305 1857 395 1942 bile,
414 1851 800 1946 temperassealibidine
813 1854 957 1946 piratas,
973 1856 1064 1924 omni
1078 1853 1279 1924 crudelitate
1294 1855 1382 1922 effe·

306 1987 419 2055 ratos,
440 1970 564 2062 quibus
583 1993 683 2038 omne
702 1970 751 2037 fas
764 1969 926 2060 nefasque
947 1969 1040 2038 lusus
1065 1985 1137 2054 est,
1153 1969 1251 2037 simul
1269 1986 1381 2038 terras

215 2149 216 2152 ,
307 2105 342 2156 et
368 2090 475 2155 maria
500 2087 741 2154 latrocinantes
756 2080 783 2167 ³,
809 2085 933 2177 quibus
956 2087 991 2153 in
1015 2085 1126 2154 aliena
1147 2086 1293 2179 impetus
1316 2110 1381 2179 per

306 2228 401 2272 arma
415 2220 465 2271 est
481 2231 490 2270 ι
505 2205 577 2294 jam
598 2204 671 2294 ipsa
685 2203 795 2269 fronte
812 2199 987 2282 crudeles,
1004 2219 1038 2269 et
1051 2201 1198 2269 humano
1210 2204 1380 2295 sanguine

307 2335 457 2386 assuetos
469 2313 498 2403 ⁴,
517 2317 732 2410 praelerentcs
744 2334 823 2386 ante
842 2340 878 2384 se
894 2317 1053 2402 vincula,
1074 2333 1108 2386 et
1129 2332 1282 2398 catenas,
1299 2340 1381 2410 gra-

214 2411 217 2422 ¹
307 2439 363 2506 via
376 2437 485 2528 captis
499 2457 615 2503 onera.
633 2435 800 2536 Astupris
817 2456 992 2502 removere
1006 2434 1166 2528 potuisti,
1184 2433 1310 2524 quibus
1325 2435 1381 2500 in-

308 2570 362 2622 ter
371 2569 420 2621 tot
432 2567 525 2620 tanto
540 2553 667 2643 majora
677 2551 824 2630 scelera,
841 2551 1009 2642 virginem
1021 2568 1198 2643 stuprare,
1211 2550 1384 2618 innocen-

309 2675 355 2739 tia
372 2687 422 2739 est
435 2670 527 2740 tsed
540 2665 685 2762 lupanar
699 2669 826 2761 excipit
836 2690 965 2736 omnes.
982 2666 1126 2737 Sordida
1143 2667 1382 2759 injuriosaque

309 2787 408 2855 turba
427 2789 495 2854 huc
509 2784 635 2864 influit,
655 2808 720 2852 nec
734 2786 915 2876 quisquam
927 2809 966 2852 eo
982 2800 1019 2852 ut
1031 2773 1191 2878 judieet⁵,
1209 2784 1317 2851 venit.
1333 2783 1383 2852 At

310 2927 426 2971 omnes
445 2898 702 2969 faverefabulis
720 2901 806 2983 tuis,
839 2916 874 2967 at
902 2899 1058 2967 omnibus
1082 2921 1280 2992 persuasum
1310 2917 1376 2967 est.

309 3019 415 3088 Nemo
445 3018 589 3084 intanta
615 3018 767 3084 euntium
785 3015 1068 3106 redeuntiumque
1084 3013 1194 3119 'turba
1219 3015 1379 3082 inventus

311 3277 399 3312 scoene.
409 3259 480 3312 ldem
493 3278 582 3333 nempe
594 3259 725 3311 Romanus
736 3259 815 3332 llispo
864 3258 996 3322 videntum
1012 3256 1116 3310 mallem
1132 3274 1139 3309 ε
1157 3255 1255 3308 «simul
1266 3255 1341 3310 terris
1354 3268 1378 3308 et

310 3335 452 3408 adjiciebat.
605 3337 619 3352 ''
725 3359 727 3364 ·
865 3337 929 3388 mari
942 3334 1294 3388 lenocinantibussotute.

346 3432 367 3465 r.
378 3415 434 3467 Nos
449 3417 545 3468 sortiri.
557 3414 644 3467 Potius
658 3432 734 3484 quam
753 3425 820 3466 tem·
897 3416 921 3479 4.
945 3413 1073 3466 Hurnaae
1096 3413 1224 3482 raugam
1243 3421 1375 3463 assuetos.

311 3509 371 3563 pora
392 3510 476 3544 rerum
494 3501 621 3544 conterere
637 3490 734 3558 verbis,
756 3491 817 3543 dum
869 3491 941 3543 Flet.
954 3493 978 3557 l,
1000 3509 1010 3541 r
1030 3492 1191 3544 :sternere
1207 3489 1334 3562 sauguine
1351 3499 1376 3542 et

310 3569 370 3622 buit
380 3608 387 3636 ,
399 3589 456 3639 qur.
469 3568 608 3622 sacerdotio
624 3568 732 3640 indigna
746 3567 814 3640 judi-
866 3569 951 3641 praeda
962 3587 1035 3634 aves;
1047 3589 1060 3614 s
1071 3567 1143 3631 etll‚
1154 3587 1168 3619 a
1180 3583 1187 3618 ε
1198 3587 1211 3613 s
1221 3565 1266 3619 sed
1277 3565 1377 3638 alligati

310 3660 379 3712 eata,
394 3647 455 3700 dum
468 3647 536 3700 illius
554 3668 598 3720 per
608 3645 740 3720 pontifices
754 3645 820 3719 reji-
867 3647 989 3701 miraculo
999 3645 1327 3718 quodamluere.»Quintil·
1334 3647 1377 3698 de·

310 3725 373 3778 citur
381 3735 404 3778 et
412 3737 558 3851 segrepatur
568 3743 675 3788 nomen,
685 3722 817 3792 injudicio
866 3725 940 3779 clem.
959 3725 1008 3778 332
1019 3745 1049 3778 :e
1061 3727 1210 3799 Paupertate
1222 3725 1350 3778 eomuevi.
1359 3745 1374 3772 ι

309 3820 379 3854 nunc
389 3819 480 3873 respon
499 3819 579 3852 emus.
591 3799 690 3854 Schult.
866 3806 897 3856 lu
909 3803 1000 3874 quibus
1013 3803 1114 3856 tertium
1125 3820 1209 3856 casum
1220 3802 1326 3873 antique
1335 3819 1378 3854 ra-

344 3900 366 3932 a·
380 3879 512 3949 Capturas
522 3880 590 3930 tutte.
601 3878 641 3929 De
654 3877 778 3951 capturis,
791 3877 817 3928 id
865 3882 934 3936 tione
945 3882 1054 3956 poeirum
1066 3881 1192 3934 videmus.
1204 3878 1304 3932 Schult.

309 3969 359 4024 est,
370 3955 529 4010 mercedibus
540 3955 700 4022 meretricum
712 3954 815 4007 artium·
896 3967 919 4016 5,
936 3962 973 4015 Ut
980 3964 1085 4028 judicet.
1097 3961 1131 4013 Ut
1149 3957 1274 4014 delectum
1286 3959 1377 4013 lubeat

309 4057 358 4106 que
369 4037 526 4090 sordidarum
536 4034 585 4089 late
593 4033 699 4089 Cesaub.
711 4035 742 4088 ad
754 4034 816 4087 Sue·
863 4040 999 4093 bominum
1011 4076 1018 4103 ,
1041 4050 1066 4092 et
1084 4038 1207 4091 rationem
1226 4037 1376 4110 cujusquam

309 4115 373 4168 tonii
384 4115 465 4188 Calig.
477 4135 531 4188 cap.
541 4115 582 4180 40.
594 4111 691 4166 Schutt.
864 4115 995 4183 virtutum,
1004 4133 1115 4185 eumque
1127 4135 1157 4167 eo
1168 4126 1282 4186 respectu
1291 4113 1377 4186 euspi-

343 4193 366 4242 3.
382 4191 585 4247 latrocinantes
603 4193 667 4248 tlee
677 4192 742 4246 mihi
754 4193 817 4246 dure
865 4193 923 4246 ciat.
936 4192 1037 4246 Sedula
