2878 4816
310 419 372 498 186
630 411 847 494 MANNAEI
870 413 1048 491 SENECAE

303 543 410 628 ritum
426 557 475 627 est
490 539 617 632 siquid
635 563 761 632 genem
778 563 853 606 meo
867 539 1043 625 acciderit.
1065 540 1154 607 Filia
1174 566 1246 610 mea
1265 544 1366 612 mori-

301 675 376 726 tura
396 674 446 726 est
462 655 646 748 tadjiuiam
665 654 817 747 quod.sit
833 654 1009 746 indignum
1023 704 1033 738 ‚
1049 655 1076 722 si
1091 657 1176 748 quid
1188 657 1269 728 filiae
1284 683 1366 728 meae

301 774 483 858 acciderit,
513 774 566 840 vir
583 773 655 864 ejus
683 772 834 841 victurus
860 787 922 841 est.
942 769 1031 840 Vide
1046 796 1113 863 qus
1133 788 1165 840 te
1188 773 1266 867 iege
1281 799 1363 844 con-

301 889 506 958 strinxeris:
526 889 554 955 si
572 887 781 980 parueris,
769 887 902 954 vivss¹

348 1007 486 1073 Bmuur.
505 1003 536 1070 Ο
564 1001 795 1072 conditionem
810 999 957 1092 aequa'm!
985 1000 1085 1118 alteri
1110 1003 1211 1084 sitam
1235 1002 1362 1084 debet,

299 1117 397 1206 aiteri
416 1117 566 1188 devovit.
1261 1193 1264 1200 ,

322 1237 472 1302 Ριιιιιιι
491 1237 642 1304 Ferrum.
661 1237 738 1302 Nou
754 1195 919 1327 possum,
942 1233 1071 1326 inquit,
1092 1193 1288 1326 relinquere
1313 1237 1366 1302 ri-

299 1373 388 1434 rum.
406 1351 603 1444 Quidquam
616 1376 686 1420 non
703 1367 813 1444 potest
826 1375 901 1442 qum
920 1375 1004 1418 mort
995 1352 1152 1443 potest?
1168 1375 1265 1444 paene
1282 1352 1363 1420 dum

298 1466 388 1536 falsae
401 1471 688 1554 mortisnuutium
702 1470 815 1550 misit,
830 1491 919 1548 verse
934 1469 1080 1560 recipit?
1092 1468 1153 1535 Vir
1168 1467 1249 1536 dum
1261 1469 1365 1537 nimis

296 1600 386 1668 amat
402 1609 564 1672 umorem,
582 1609 677 1677 prone
691 1607 791 1652 causa
804 1583 950 1676 periculi
969 1584 1032 1653 tuit
1051 1611 1058 1649 ι
1075 1608 1160 1668 uxor
1173 1584 1365 1670 dumnimis

296 1716 385 1782 amat
410 1705 542 1784 virum,
569 1725 667 1793 paene
690 1724 790 1784 eausa
807 1701 918 1768 luctus
940 1701 1005 1768 fuit
1021 1728 1029 1768 z
1048 1716 1144 1794 puter
1161 1699 1241 1768 dum
1262 1703 1366 1770 nimis

295 1832 387 1885 amat
403 1817 528 1900 filiam,
542 1816 690 1886 abdicat.
707 1818 848 1891 Servate
863 1832 966 1886 totam
984 1817 1142 1900 domum,
1158 1839 1274 1899 amore
1286 1844 1364 1887 mu-

296 1944 353 1998 tuo
371 1928 590 1998 laborantem.
607 1931 748 2013 Moriar,
768 1931 881 2024 inquit
898 1958 906 1998 ι
922 1929 988 2033 ime
1002 1933 1090 2023 patri
1106 1931 1267 2013 minatis,
1286 1916 1366 2000 siro¹

295 2049 482 2145 promittis
480 2050 596 2116 Potes
624 2049 696 2116 siue
719 2050 795 2116 viro
822 2051 929 2140 pati:
955 2049 1263 2143 peregrinationem
1289 2051 1364 2142 ejus

296 2163 414 2231 tulisti.
429 2163 578 2232 Facilius
591 2179 687 2257 potes
701 2188 818 2248 carere
831 2189 871 2232 eo
888 2165 948 2256 qui
962 2165 1118 2280 spiritum
1131 2164 1246 2248 debet,
1258 2189 1359 2256 quam

297 2304 337 2348 eo
349 2305 410 2382 qur
400 2280 624 2373 impendit?
1021 2347 1024 2354 .
1042 2349 1044 2354 .

316 2399 520 2474 Dtvtslo.
542 2401 586 2469 Et
611 2399 670 2466 hie
690 2399 924 2472 oontrovsrsia
942 2419 1013 2470 uon
1034 2413 1105 2466 erat
1124 2346 1357 2470 indivisione.

294 2517 378 2586 Num
391 2529 516 2609 preter
528 2514 621 2587 iliam
632 2516 874 2607 questionem,
895 2516 949 2584 An
965 2531 1061 2608 pater
1073 2513 1235 2588 abdicate
1248 2533 1362 2610 posset

295 2620 439 2729 propter
449 2635 719 2718 matrimonium,
735 2635 882 2726 reliqua,
896 2657 1000 2727 quum
1013 2633 1057 2703 ad
1068 2635 1264 2726 aequitatem
1279 2659 1362 2728 per-

297 2751 445 2831 tineant,
465 2750 674 2818 tractationis
692 2767 782 2818 sunt.
805 2752 954 2817 Primam
973 2765 1084 2818 tamen
1098 2752 1362 2842 conjeotutuiem

295 2869 642 2958 questionem-harro
667 2864 746 2934 feeit
766 2892 773 2930 :
795 2868 971 2958 proposuit
997 2865 1087 2934 iilam
1102 2867 1307 2946 „dnetiam
1331 2870 1361 2936 si

294 3005 363 3052 uon
388 2981 476 3080 malo
496 2978 658 3050 adversus
680 3003 815 3048 uxorem
843 2983 956 3050 animo
985 2982 1126 3053 maritus
1149 2981 1250 3065 fuir,
1281 2981 1362 3052 serit

294 3112 417 3177 tamen,
433 3113 469 3166 ut
483 3111 549 3166 ten
563 3096 761 3166 temerarius
773 3114 808 3166 et
820 3097 1029 3168 inconsultus
1042 3097 1287 3190 relinquendus
1300 3101 1358 3168 sit.

293 3211 426 3280 Deinde
440 3247 449 3294 ·,
471 3211 527 3280 Au
540 3211 641 3280 etiam
655 3213 742 3281 malo
758 3199 920 3282 adversus
934 3239 1072 3283 uxorem
1091 3216 1204 3282 auim'o
1222 3215 1355 3282 feeerit.

339 3323 462 3394 Fuscus
480 3328 641 3398 Annuums
651 3330 740 3421 juris
757 3331 959 3421 quastiones
975 3330 1140 3422 subjecit,
1161 3333 1237 3398 Non
1260 3353 1361 3421 posse

294 3441 385 3511 illam
410 3445 621 3514 discederes
646 3447 718 3514 viro
743 3473 750 3511 :
773 3471 849 3512 nam
874 3463 908 3512 et
928 3445 994 3514 hoe
1013 3444 1238 3538 jurejurando
1265 3445 1359 3513 iiiam

288 3659 396 3697 suomm
407 3642 528 3714 smip'mm
535 3647 640 3696 rasum,
648 3643 686 3696 lta
694 3656 722 3696 ut
729 3644 794 3713 apud
846 3644 934 3716 digus,
946 3644 981 3696 ita
992 3644 1107 3697 conditio
1117 3643 1233 3698 ridicula.
1243 3641 1343 3696 Schola.

288 3719 390 3770 Tererrt.
401 3720 482 3772 Andr.
493 3722 518 3782 1,
530 3724 558 3785 5,
572 3721 619 3772 26:
631 3743 644 3767 a
654 3720 796 3774 Misericor·
879 3741 903 3773 n.
922 3722 1014 3774 Etiam
1033 3725 1057 3773 si
1075 3741 1127 3774 non
1145 3725 1218 3774 malo
1228 3722 1359 3774 adversus

287 3797 329 3851 dia
340 3797 416 3863 hujus
429 3819 473 3869 pro
486 3803 513 3850 in
525 3799 596 3852 hanc.
608 3821 621 3846 ιι
634 3799 736 3852 Schult.
846 3818 958 3853 uxorem
970 3804 1060 3854 animo
1073 3799 1256 3870 moritussur't.
1271 3800 1358 3871 Lege,

323 3875 388 3930 nst
396 3879 516 3944 panurr's
528 3881 605 3930 vives.
619 3875 690 3929 Nihil
702 3877 795 3929 tumul·
836 3877 911 3949 secit-
931 3879 989 3930 Hoc
1010 3889 1107 3930 tantum
1127 3897 1214 3931 verum
1231 3895 1284 3929 esso
1304 3877 1359 3946 ipse

286 3969 359 4008 tuens
375 3955 432 4026 lege
444 3974 449 4009 :
463 3955 495 4009 Si
514 3973 564 4006 non
580 3957 701 4022 parueris
720 3959 796 4007 vires.
847 3954 920 4008 docet
941 3955 1030 4020 latro,
1052 3955 1095 4007 ubi
1116 3974 1174 4008 mox
1191 3953 1358 4024 quaestionem

286 4035 322 4086 lta
342 4033 467 4086 redditum
487 4031 525 4084 his
543 4053 616 4084 suum
636 4051 758 4092 acumen,
774 4045 797 4084 et
846 4047 947 4096 movet,
971 4035 1017 4086 An
1037 4037 1118 4086 etium
1140 4035 1214 4086 malo
1229 4031 1359 4084 adversus

286 4111 370 4164 Fabrs
389 4111 463 4165 nimii
484 4111 576 4164 laboris
595 4113 676 4164 iacere
691 4111 795 4182 gratiam
846 4131 958 4166 taxarem
976 4115 1065 4166 aniona
1072 4111 1172 4182 stret-it.
1191 4109 1264 4163 Solet
1285 4110 1356 4162 euim

288 4193 372 4262 possis.
387 4195 471 4261 Quam
492 4205 541 4244 erat
559 4211 596 4245 rus
611 4191 698 4260 iniqua
714 4203 737 4243 et
751 4191 796 4242 in·
846 4191 920 4242 Latro
940 4189 1053 4244 membra
1074 4188 1206 4242 divisionis
1223 4188 1359 4261 preposite
