<?xml version="1.0" encoding="UTF-8"?>
<!DOCTYPE html PUBLIC "-//W3C//DTD XHTML 1.0 Transitional//EN"
    "http://www.w3.org/TR/xhtml1/DTD/xhtml1-transitional.dtd">
<html xmlns="http://www.w3.org/1999/xhtml" xml:lang="en" lang="en">
 <head>
  <title>
</title>
<meta http-equiv="Content-Type" content="text/html;charset=utf-8" />
  <meta name='ocr-system' content='tesseract 3.04.00' />
  <meta name='ocr-capabilities' content='ocr_page ocr_carea ocr_par ocr_line ocrx_word'/>
</head>
<body>
  <div class='ocr_page' id='page_1' title='image "./lannsenecparspr00bouigoog_0238.png"; bbox 0 0 2878 4816; ppageno 0'>
   <div class='ocr_carea' id='block_1_1' title="bbox 305 476 1068 551">
    <p class='ocr_par' dir='ltr' id='par_1_1' title="bbox 305 476 1068 551">
     <span class='ocr_line' id='line_1_1' title="bbox 305 476 1068 551; baseline -0.008 -2"><span class='ocrx_word' id='word_1_1' title='bbox 305 478 371 551; x_wconf 73' lang='lat'><strong>226</strong></span> <span class='ocrx_word' id='word_1_2' title='bbox 627 479 674 542; x_wconf 89' lang='lat' dir='ltr'><strong>M.</strong></span> <span class='ocrx_word' id='word_1_3' title='bbox 700 477 845 544; x_wconf 69' lang='grc' dir='ltr'><strong>ΔΝΜ]</strong></span> <span class='ocrx_word' id='word_1_4' title='bbox 869 476 1068 545; x_wconf 69' lang='grc' dir='ltr'><strong>ΕΕΝΕΕΕ</strong></span> 
     </span>
    </p>
   </div>
   <div class='ocr_carea' id='block_1_2' title="bbox 299 605 1380 1962">
    <p class='ocr_par' dir='ltr' id='par_1_2' title="bbox 301 605 1380 909">
     <span class='ocr_line' id='line_1_2' title="bbox 302 605 1380 700; baseline 0.003 -24"><span class='ocrx_word' id='word_1_5' title='bbox 302 605 496 685; x_wconf 84' lang='lat' dir='ltr'><strong>dationem,</strong></span> <span class='ocrx_word' id='word_1_6' title='bbox 521 620 560 674; x_wconf 90' lang='lat' dir='ltr'><strong>ut</strong></span> <span class='ocrx_word' id='word_1_7' title='bbox 579 629 620 672; x_wconf 81' lang='lat' dir='ltr'><strong>ex</strong></span> <span class='ocrx_word' id='word_1_8' title='bbox 640 621 790 699; x_wconf 82' lang='lat' dir='ltr'><strong>tempora</strong></span> <span class='ocrx_word' id='word_1_9' title='bbox 808 627 912 700; x_wconf 78' lang='lat' dir='ltr'><strong>agore</strong></span> <span class='ocrx_word' id='word_1_10' title='bbox 930 606 1119 676; x_wconf 83' lang='lat' dir='ltr'><strong>videretur.</strong></span> <span class='ocrx_word' id='word_1_11' title='bbox 1142 610 1194 676; x_wconf 86' lang='lat' dir='ltr'><strong>De</strong></span> <span class='ocrx_word' id='word_1_12' title='bbox 1211 609 1280 678; x_wconf 86' lang='lat' dir='ltr'><strong>hoo</strong></span> <span class='ocrx_word' id='word_1_13' title='bbox 1298 610 1380 679; x_wconf 84' lang='lat' dir='ltr'><strong>eis-</strong></span> 
     </span>
     <span class='ocr_line' id='line_1_3' title="bbox 301 720 1379 820; baseline 0.006 -30"><span class='ocrx_word' id='word_1_14' title='bbox 301 737 421 817; x_wconf 80' lang='lat' dir='ltr'><strong>gunter</strong></span> <span class='ocrx_word' id='word_1_15' title='bbox 434 721 519 792; x_wconf 79' lang='lat' dir='ltr'><strong>dixit</strong></span> <span class='ocrx_word' id='word_1_16' title='bbox 535 720 634 792; x_wconf 82' lang='lat' dir='ltr'><strong>divus</strong></span> <span class='ocrx_word' id='word_1_17' title='bbox 641 723 816 816; x_wconf 78' lang='lat' dir='ltr'><strong>Augustus</strong></span> <span class='ocrx_word' id='word_1_18' title='bbox 833 749 841 789; x_wconf 91' lang='lat'>:</span> <span class='ocrx_word' id='word_1_19' title='bbox 857 724 952 792; x_wconf 83' lang='lat' dir='ltr'><strong>Unus</strong></span> <span class='ocrx_word' id='word_1_20' title='bbox 961 725 1130 796; x_wconf 81' lang='lat' dir='ltr'><strong>Vinicius¹</strong></span> <span class='ocrx_word' id='word_1_21' title='bbox 1142 727 1322 820; x_wconf 78' lang='lat' dir='ltr'><strong>ingenium</strong></span> <span class='ocrx_word' id='word_1_22' title='bbox 1338 728 1379 796; x_wconf 92' lang='lat' dir='ltr'><strong>in</strong></span> 
     </span>
     <span class='ocr_line' id='line_1_4' title="bbox 301 839 612 909; baseline -0.006 -1"><span class='ocrx_word' id='word_1_23' title='bbox 301 858 477 909; x_wconf 85' lang='lat' dir='ltr'><strong>numerato</strong></span> <span class='ocrx_word' id='word_1_24' title='bbox 495 839 612 907; x_wconf 88' lang='lat' dir='ltr'><strong>habet.</strong></span> 
     </span>
    </p>

    <p class='ocr_par' dir='ltr' id='par_1_3' title="bbox 299 955 1379 1840">
     <span class='ocr_line' id='line_1_5' title="bbox 350 955 1374 1052; baseline 0.003 -27"><span class='ocrx_word' id='word_1_25' title='bbox 350 961 452 1026; x_wconf 81' lang='lat' dir='ltr'><strong>Hrsro</strong></span> <span class='ocrx_word' id='word_1_26' title='bbox 470 957 627 1024; x_wconf 75' lang='lat' dir='ltr'><strong>Romana</strong></span> <span class='ocrx_word' id='word_1_27' title='bbox 644 955 791 1046; x_wconf 77' lang='lat' dir='ltr'><strong>maligne</strong></span> <span class='ocrx_word' id='word_1_28' title='bbox 806 970 842 1022; x_wconf 89' lang='lat' dir='ltr'><strong>et</strong></span> <span class='ocrx_word' id='word_1_29' title='bbox 853 957 1061 1025; x_wconf 75' lang='lat' dir='ltr'><strong>seminatoris</strong></span> <span class='ocrx_word' id='word_1_30' title='bbox 1078 981 1086 1024; x_wconf 79' lang='lat' dir='ltr'>z</span> <span class='ocrx_word' id='word_1_31' title='bbox 1101 957 1217 1043; x_wconf 85' lang='lat' dir='ltr'><strong>Nihii,</strong></span> <span class='ocrx_word' id='word_1_32' title='bbox 1234 962 1352 1052; x_wconf 85' lang='lat' dir='ltr'><strong>inquit</strong></span> <span class='ocrx_word' id='word_1_33' title='bbox 1362 1012 1374 1047; x_wconf 95' lang='lat'><strong>,</strong></span> 
     </span>
     <span class='ocr_line' id='line_1_6' title="bbox 301 1074 1378 1166; baseline 0.001 -24"><span class='ocrx_word' id='word_1_34' title='bbox 301 1095 366 1166; x_wconf 78' lang='lat' dir='ltr'><strong>ego</strong></span> <span class='ocrx_word' id='word_1_35' title='bbox 394 1075 449 1140; x_wconf 88' lang='lat' dir='ltr'><strong>isti</strong></span> <span class='ocrx_word' id='word_1_36' title='bbox 477 1095 693 1141; x_wconf 75' lang='lat' dir='ltr'><strong>narraveram</strong></span> <span class='ocrx_word' id='word_1_37' title='bbox 715 1099 722 1140; x_wconf 91' lang='lat'>:</span> <span class='ocrx_word' id='word_1_38' title='bbox 741 1074 823 1154; x_wconf 85' lang='lat' dir='ltr'><strong>ista,</strong></span> <span class='ocrx_word' id='word_1_39' title='bbox 850 1088 887 1140; x_wconf 91' lang='lat' dir='ltr'><strong>ut</strong></span> <span class='ocrx_word' id='word_1_40' title='bbox 914 1089 987 1141; x_wconf 83' lang='lat' dir='ltr'><strong>erat</strong></span> <span class='ocrx_word' id='word_1_41' title='bbox 1003 1097 1160 1157; x_wconf 85' lang='lat' dir='ltr'><strong>necesse,</strong></span> <span class='ocrx_word' id='word_1_42' title='bbox 1181 1074 1317 1166; x_wconf 87' lang='lat' dir='ltr'><strong>aliquid</strong></span> <span class='ocrx_word' id='word_1_43' title='bbox 1335 1099 1378 1143; x_wconf 81' lang='lat' dir='ltr'><strong>ax</strong></span> 
     </span>
     <span class='ocr_line' id='line_1_7' title="bbox 300 1188 1378 1285; baseline 0.003 -26"><span class='ocrx_word' id='word_1_44' title='bbox 300 1190 415 1271; x_wconf 84' lang='lat' dir='ltr'><strong>vultu,</strong></span> <span class='ocrx_word' id='word_1_45' title='bbox 439 1189 571 1282; x_wconf 85' lang='lat' dir='ltr'><strong>aliquid</strong></span> <span class='ocrx_word' id='word_1_46' title='bbox 589 1214 629 1257; x_wconf 88' lang='lat' dir='ltr'><strong>ex</strong></span> <span class='ocrx_word' id='word_1_47' title='bbox 646 1191 822 1258; x_wconf 75' lang='lat' dir='ltr'><strong>nocturnis</strong></span> <span class='ocrx_word' id='word_1_48' title='bbox 843 1188 970 1282; x_wconf 80' lang='lat' dir='ltr'><strong>vigiliis</strong></span> <span class='ocrx_word' id='word_1_49' title='bbox 995 1192 1163 1285; x_wconf 79' lang='lat' dir='ltr'><strong>suspirata</strong></span> <span class='ocrx_word' id='word_1_50' title='bbox 1181 1207 1250 1278; x_wconf 67' lang='lat' dir='ltr'><strong>est,</strong></span> <span class='ocrx_word' id='word_1_51' title='bbox 1280 1191 1378 1262; x_wconf 84' lang='lat' dir='ltr'><strong>unde</strong></span> 
     </span>
     <span class='ocr_line' id='line_1_8' title="bbox 300 1305 1376 1401; baseline 0 -25"><span class='ocrx_word' id='word_1_52' title='bbox 300 1308 485 1378; x_wconf 80' lang='lat' dir='ltr'><strong>manaverit</strong></span> <span class='ocrx_word' id='word_1_53' title='bbox 506 1331 635 1391; x_wconf 87' lang='lat' dir='ltr'><strong>sermo,</strong></span> <span class='ocrx_word' id='word_1_54' title='bbox 661 1307 788 1375; x_wconf 72' lang='lat' dir='ltr'><strong>scietis,</strong></span> <span class='ocrx_word' id='word_1_55' title='bbox 804 1305 936 1373; x_wconf 83' lang='lat' dir='ltr'><strong>Videtis</strong></span> <span class='ocrx_word' id='word_1_56' title='bbox 960 1331 1028 1399; x_wconf 92' lang='lat' dir='ltr'><strong>quo</strong></span> <span class='ocrx_word' id='word_1_57' title='bbox 1052 1309 1166 1376; x_wconf 87' lang='lat' dir='ltr'><strong>veniat</strong></span> <span class='ocrx_word' id='word_1_58' title='bbox 1180 1323 1376 1401; x_wconf 78' lang='lat' dir='ltr'><strong>tyrannus,</strong></span> 
     </span>
     <span class='ocr_line' id='line_1_9' title="bbox 300 1421 1374 1507; baseline 0 -16"><span class='ocrx_word' id='word_1_59' title='bbox 300 1443 368 1491; x_wconf 92' lang='lat' dir='ltr'><strong>non</strong></span> <span class='ocrx_word' id='word_1_60' title='bbox 385 1423 429 1491; x_wconf 90' lang='lat' dir='ltr'><strong>ad</strong></span> <span class='ocrx_word' id='word_1_61' title='bbox 447 1425 591 1492; x_wconf 83' lang='lat' dir='ltr'><strong>amioum</strong></span> <span class='ocrx_word' id='word_1_62' title='bbox 613 1446 742 1503; x_wconf 87' lang='lat' dir='ltr'><strong>meum,</strong></span> <span class='ocrx_word' id='word_1_63' title='bbox 765 1445 836 1488; x_wconf 90' lang='lat' dir='ltr'><strong>non</strong></span> <span class='ocrx_word' id='word_1_64' title='bbox 860 1421 904 1490; x_wconf 89' lang='lat' dir='ltr'><strong>ad</strong></span> <span class='ocrx_word' id='word_1_65' title='bbox 928 1445 1060 1490; x_wconf 83' lang='lat' dir='ltr'><strong>serrum</strong></span> <span class='ocrx_word' id='word_1_66' title='bbox 1082 1423 1166 1492; x_wconf 87' lang='lat' dir='ltr'><strong>:sed</strong></span> <span class='ocrx_word' id='word_1_67' title='bbox 1182 1422 1227 1492; x_wconf 87' lang='lat' dir='ltr'><strong>ad</strong></span> <span class='ocrx_word' id='word_1_68' title='bbox 1242 1425 1346 1494; x_wconf 82' lang='lat' dir='ltr'><strong>istam</strong></span> <span class='ocrx_word' id='word_1_69' title='bbox 1364 1475 1374 1507; x_wconf 96' lang='lat'><strong>,</strong></span> 
     </span>
     <span class='ocr_line' id='line_1_10' title="bbox 300 1538 1378 1634; baseline 0.003 -25"><span class='ocrx_word' id='word_1_70' title='bbox 300 1563 374 1633; x_wconf 78' lang='lat' dir='ltr'><strong>quae</strong></span> <span class='ocrx_word' id='word_1_71' title='bbox 387 1541 474 1610; x_wconf 85' lang='lat' dir='ltr'><strong>nihil</strong></span> <span class='ocrx_word' id='word_1_72' title='bbox 489 1539 616 1634; x_wconf 79' lang='lat' dir='ltr'><strong>negotii</strong></span> <span class='ocrx_word' id='word_1_73' title='bbox 629 1538 815 1623; x_wconf 70' lang='lat' dir='ltr'><strong>habuisset,</strong></span> <span class='ocrx_word' id='word_1_74' title='bbox 831 1541 858 1607; x_wconf 87' lang='lat' dir='ltr'><strong>si</strong></span> <span class='ocrx_word' id='word_1_75' title='bbox 873 1542 1044 1609; x_wconf 81' lang='lat' dir='ltr'><strong>tacuisset.</strong></span> <span class='ocrx_word' id='word_1_76' title='bbox 1060 1542 1136 1610; x_wconf 88' lang='lat' dir='ltr'><strong>Tua</strong></span> <span class='ocrx_word' id='word_1_77' title='bbox 1154 1543 1246 1610; x_wconf 84' lang='lat' dir='ltr'><strong>enim</strong></span> <span class='ocrx_word' id='word_1_78' title='bbox 1271 1565 1378 1612; x_wconf 87' lang='lat' dir='ltr'><strong>causa</strong></span> 
     </span>
     <span class='ocr_line' id='line_1_11' title="bbox 299 1656 1379 1748; baseline -0.002 -23"><span class='ocrx_word' id='word_1_79' title='bbox 299 1660 432 1728; x_wconf 79' lang='lat' dir='ltr'><strong>tacuisti</strong></span> <span class='ocrx_word' id='word_1_80' title='bbox 451 1684 458 1723; x_wconf 92' lang='lat'>:</span> <span class='ocrx_word' id='word_1_81' title='bbox 476 1657 603 1727; x_wconf 85' lang='lat' dir='ltr'><strong>sciebas</strong></span> <span class='ocrx_word' id='word_1_82' title='bbox 621 1671 654 1725; x_wconf 86' lang='lat' dir='ltr'><strong>te</strong></span> <span class='ocrx_word' id='word_1_83' title='bbox 665 1657 876 1748; x_wconf 87' lang='lat' dir='ltr'><strong>perituram,</strong></span> <span class='ocrx_word' id='word_1_84' title='bbox 893 1657 922 1724; x_wconf 85' lang='lat' dir='ltr'><strong>si</strong></span> <span class='ocrx_word' id='word_1_85' title='bbox 940 1656 1097 1725; x_wconf 87' lang='lat' dir='ltr'><strong>confessa</strong></span> <span class='ocrx_word' id='word_1_86' title='bbox 1111 1678 1200 1724; x_wconf 84' lang='lat' dir='ltr'><strong>esses</strong></span> <span class='ocrx_word' id='word_1_87' title='bbox 1214 1659 1379 1748; x_wconf 75' lang='lat' dir='ltr'><strong>tyranni-</strong></span> 
     </span>
     <span class='ocr_line' id='line_1_12' title="bbox 299 1761 449 1840; baseline 0.007 -1"><span class='ocrx_word' id='word_1_88' title='bbox 299 1761 449 1840; x_wconf 80' lang='lat' dir='ltr'><strong>oidiurn.¹</strong></span> 
     </span>
    </p>

    <p class='ocr_par' dir='ltr' id='par_1_4' title="bbox 347 1889 799 1962">
     <span class='ocr_line' id='line_1_13' title="bbox 347 1889 799 1962; baseline -0.004 0"><span class='ocrx_word' id='word_1_89' title='bbox 347 1896 495 1962; x_wconf 77' lang='lat' dir='ltr'><strong>Hrsnass</strong></span> <span class='ocrx_word' id='word_1_90' title='bbox 508 1889 593 1960; x_wconf 84' lang='lat' dir='ltr'><strong>dixit</strong></span> <span class='ocrx_word' id='word_1_91' title='bbox 606 1897 632 1959; x_wconf 90' lang='lat'><strong>².</strong></span> <span class='ocrx_word' id='word_1_92' title='bbox 648 1942 655 1960; x_wconf 89' lang='lat'><strong>.</strong></span> <span class='ocrx_word' id='word_1_93' title='bbox 674 1943 682 1958; x_wconf 91' lang='lat'><strong>.</strong></span> <span class='ocrx_word' id='word_1_94' title='bbox 699 1943 707 1959; x_wconf 91' lang='lat'><strong>.</strong></span> <span class='ocrx_word' id='word_1_95' title='bbox 723 1944 730 1959; x_wconf 91' lang='lat'>.</span> <span class='ocrx_word' id='word_1_96' title='bbox 746 1921 754 1959; x_wconf 61' lang='lat' dir='ltr'><strong>a</strong></span> <span class='ocrx_word' id='word_1_97' title='bbox 770 1944 799 1960; x_wconf 91' lang='lat'><strong>..</strong></span> 
     </span>
    </p>
   </div>
   <div class='ocr_carea' id='block_1_3' title="bbox 298 2050 1378 2672">
    <p class='ocr_par' dir='ltr' id='par_1_5' title="bbox 298 2050 1378 2672">
     <span class='ocr_line' id='line_1_14' title="bbox 298 2050 1376 2127; baseline 0 -19"><span class='ocrx_word' id='word_1_98' title='bbox 298 2054 393 2108; x_wconf 82' lang='lat' dir='ltr'><strong>Vinicii</strong></span> <span class='ocrx_word' id='word_1_99' title='bbox 403 2053 524 2125; x_wconf 79' lang='lat' dir='ltr'><strong>judicium</strong></span> <span class='ocrx_word' id='word_1_100' title='bbox 531 2073 582 2107; x_wconf 85' lang='lat' dir='ltr'><strong>esse</strong></span> <span class='ocrx_word' id='word_1_101' title='bbox 593 2050 808 2123; x_wconf 74' lang='lat' dir='ltr'><strong>posituerhuIt.</strong></span> <span class='ocrx_word' id='word_1_102' title='bbox 858 2066 942 2107; x_wconf 80' lang='lat' dir='ltr'><strong>autem</strong></span> <span class='ocrx_word' id='word_1_103' title='bbox 962 2053 1049 2106; x_wconf 81' lang='lat' dir='ltr'><strong>iratres</strong></span> <span class='ocrx_word' id='word_1_104' title='bbox 1070 2053 1106 2106; x_wconf 84' lang='grc' dir='ltr'><strong>Μ.</strong></span> <span class='ocrx_word' id='word_1_105' title='bbox 1124 2051 1221 2106; x_wconf 82' lang='lat' dir='ltr'><strong>Vinicii</strong></span> <span class='ocrx_word' id='word_1_106' title='bbox 1236 2055 1376 2127; x_wconf 75' lang='lat' dir='ltr'><strong>progeneri</strong></span> 
     </span>
     <span class='ocr_line' id='line_1_15' title="bbox 335 2129 1378 2205; baseline -0.001 -19"><span class='ocrx_word' id='word_1_107' title='bbox 335 2153 357 2186; x_wconf 85' lang='grc' dir='ltr'><strong>ι.</strong></span> <span class='ocrx_word' id='word_1_108' title='bbox 380 2132 455 2186; x_wconf 76' lang='lat' dir='ltr'><strong>Unus</strong></span> <span class='ocrx_word' id='word_1_109' title='bbox 478 2133 604 2186; x_wconf 64' lang='lat' dir='ltr'><strong>marcius.</strong></span> <span class='ocrx_word' id='word_1_110' title='bbox 626 2131 655 2184; x_wconf 84' lang='lat' dir='ltr'><strong>td</strong></span> <span class='ocrx_word' id='word_1_111' title='bbox 672 2131 765 2185; x_wconf 83' lang='lat' dir='ltr'><strong>dicitur</strong></span> <span class='ocrx_word' id='word_1_112' title='bbox 778 2132 810 2183; x_wconf 87' lang='lat' dir='ltr'><strong>de</strong></span> <span class='ocrx_word' id='word_1_113' title='bbox 859 2132 983 2205; x_wconf 71' lang='lat' dir='ltr'><strong>Augusti,</strong></span> <span class='ocrx_word' id='word_1_114' title='bbox 1005 2131 1056 2185; x_wconf 50' lang='lat' dir='ltr'><strong>cui¹</strong></span> <span class='ocrx_word' id='word_1_115' title='bbox 1072 2129 1274 2186; x_wconf 60' lang='lat' dir='ltr'><strong>vetitius-mos</strong></span> <span class='ocrx_word' id='word_1_116' title='bbox 1295 2131 1378 2185; x_wconf 68' lang='lat' dir='ltr'><strong>titum</strong></span> 
     </span>
     <span class='ocr_line' id='line_1_16' title="bbox 300 2207 1376 2282; baseline -0.002 -16"><span class='ocrx_word' id='word_1_117' title='bbox 300 2226 401 2276; x_wconf 80' lang='lat' dir='ltr'><strong>actore,</strong></span> <span class='ocrx_word' id='word_1_118' title='bbox 420 2211 493 2264; x_wconf 82' lang='lat' dir='ltr'><strong>facile</strong></span> <span class='ocrx_word' id='word_1_119' title='bbox 517 2211 630 2273; x_wconf 81' lang='lat' dir='ltr'><strong>dicente,</strong></span> <span class='ocrx_word' id='word_1_120' title='bbox 644 2223 675 2280; x_wconf 69' lang='lat' dir='ltr'><strong>¹st</strong></span> <span class='ocrx_word' id='word_1_121' title='bbox 691 2231 720 2264; x_wconf 85' lang='lat' dir='ltr'><strong>ex</strong></span> <span class='ocrx_word' id='word_1_122' title='bbox 740 2225 810 2262; x_wconf 85' lang='lat' dir='ltr'><strong>tem·</strong></span> <span class='ocrx_word' id='word_1_123' title='bbox 859 2209 998 2282; x_wconf 74' lang='lat' dir='ltr'><strong>inscripsit,</strong></span> <span class='ocrx_word' id='word_1_124' title='bbox 1017 2207 1050 2263; x_wconf 81' lang='lat' dir='ltr'><strong>tie</strong></span> <span class='ocrx_word' id='word_1_125' title='bbox 1062 2209 1153 2278; x_wconf 80' lang='lat' dir='ltr'><strong>quibus</strong></span> <span class='ocrx_word' id='word_1_126' title='bbox 1171 2208 1239 2281; x_wconf 76' lang='lat' dir='ltr'><strong>apud</strong></span> <span class='ocrx_word' id='word_1_127' title='bbox 1252 2210 1376 2282; x_wconf 75' lang='lat' dir='ltr'><strong>eumdem</strong></span> 
     </span>
     <span class='ocr_line' id='line_1_17' title="bbox 298 2287 1376 2364; baseline -0.001 -22"><span class='ocrx_word' id='word_1_128' title='bbox 298 2309 369 2364; x_wconf 79' lang='lat' dir='ltr'><strong>pore,</strong></span> <span class='ocrx_word' id='word_1_129' title='bbox 381 2304 408 2344; x_wconf 85' lang='lat' dir='ltr'><strong>ut</strong></span> <span class='ocrx_word' id='word_1_130' title='bbox 418 2287 601 2358; x_wconf 79' lang='lat' dir='ltr'><strong>Quintilianus,</strong></span> <span class='ocrx_word' id='word_1_131' title='bbox 613 2288 656 2341; x_wconf 86' lang='lat' dir='ltr'><strong>lib.</strong></span> <span class='ocrx_word' id='word_1_132' title='bbox 666 2289 713 2352; x_wconf 79' lang='lat' dir='ltr'><strong>Vl,</strong></span> <span class='ocrx_word' id='word_1_133' title='bbox 724 2309 778 2362; x_wconf 78' lang='lat' dir='ltr'><strong>cap.</strong></span> <span class='ocrx_word' id='word_1_134' title='bbox 787 2291 809 2341; x_wconf 90' lang='lat'><strong>5.</strong></span> <span class='ocrx_word' id='word_1_135' title='bbox 859 2291 976 2360; x_wconf 79' lang='lat' dir='ltr'><strong>frequens</strong></span> <span class='ocrx_word' id='word_1_136' title='bbox 982 2289 1087 2358; x_wconf 86' lang='lat' dir='ltr'><strong>mentio,</strong></span> <span class='ocrx_word' id='word_1_137' title='bbox 1101 2302 1125 2342; x_wconf 91' lang='lat' dir='ltr'><strong>et</strong></span> <span class='ocrx_word' id='word_1_138' title='bbox 1133 2289 1261 2355; x_wconf 75' lang='lat' dir='ltr'><strong>Taciturn,</strong></span> <span class='ocrx_word' id='word_1_139' title='bbox 1272 2291 1320 2344; x_wconf 85' lang='lat' dir='ltr'><strong>lib.</strong></span> <span class='ocrx_word' id='word_1_140' title='bbox 1328 2293 1376 2343; x_wconf 82' lang='lat' dir='ltr'><strong>Vi.</strong></span> 
     </span>
     <span class='ocr_line' id='line_1_18' title="bbox 300 2361 1007 2436; baseline 0 -17"><span class='ocrx_word' id='word_1_141' title='bbox 300 2367 378 2436; x_wconf 77' lang='lat' dir='ltr'><strong>Quod</strong></span> <span class='ocrx_word' id='word_1_142' title='bbox 387 2367 409 2420; x_wconf 91' lang='lat' dir='ltr'><strong>si</strong></span> <span class='ocrx_word' id='word_1_143' title='bbox 419 2382 508 2419; x_wconf 78' lang='lat' dir='ltr'><strong>verum</strong></span> <span class='ocrx_word' id='word_1_144' title='bbox 523 2379 576 2430; x_wconf 85' lang='lat' dir='ltr'><strong>est,</strong></span> <span class='ocrx_word' id='word_1_145' title='bbox 589 2365 697 2419; x_wconf 88' lang='lat' dir='ltr'><strong>multum</strong></span> <span class='ocrx_word' id='word_1_146' title='bbox 709 2386 724 2419; x_wconf 79' lang='lat' dir='ltr'><strong>a</strong></span> <span class='ocrx_word' id='word_1_147' title='bbox 735 2365 810 2420; x_wconf 78' lang='lat' dir='ltr'><strong>tardi·</strong></span> <span class='ocrx_word' id='word_1_148' title='bbox 828 2389 830 2392; x_wconf 95' lang='lat'>·</span> <span class='ocrx_word' id='word_1_149' title='bbox 860 2361 894 2418; x_wconf 85' lang='lat' dir='ltr'><strong>N.</strong></span> <span class='ocrx_word' id='word_1_150' title='bbox 909 2362 1007 2420; x_wconf 77' lang='lat' dir='ltr'><strong>Faber.</strong></span> 
     </span>
     <span class='ocr_line' id='line_1_19' title="bbox 298 2445 1375 2516; baseline 0.003 -16"><span class='ocrx_word' id='word_1_151' title='bbox 298 2455 348 2500; x_wconf 76' lang='lat' dir='ltr'><strong>tote</strong></span> <span class='ocrx_word' id='word_1_152' title='bbox 359 2445 390 2500; x_wconf 79' lang='grc' dir='ltr'><strong>Ρ.</strong></span> <span class='ocrx_word' id='word_1_153' title='bbox 397 2445 494 2512; x_wconf 79' lang='lat' dir='ltr'><strong>Vinicii</strong></span> <span class='ocrx_word' id='word_1_154' title='bbox 504 2446 586 2515; x_wconf 71' lang='lat' dir='ltr'><strong>fratria</strong></span> <span class='ocrx_word' id='word_1_155' title='bbox 596 2445 766 2516; x_wconf 82' lang='lat' dir='ltr'><strong>abfuit,qui,</strong></span> <span class='ocrx_word' id='word_1_156' title='bbox 782 2457 811 2501; x_wconf 90' lang='lat' dir='ltr'><strong>ut</strong></span> <span class='ocrx_word' id='word_1_157' title='bbox 891 2465 914 2497; x_wconf 78' lang='lat' dir='ltr'><strong>a.</strong></span> <span class='ocrx_word' id='word_1_158' title='bbox 926 2445 1051 2515; x_wconf 72' lang='lat' dir='ltr'><strong>Hybreas</strong></span> <span class='ocrx_word' id='word_1_159' title='bbox 1063 2449 1143 2510; x_wconf 70' lang='lat' dir='ltr'><strong>dixit.</strong></span> <span class='ocrx_word' id='word_1_160' title='bbox 1155 2447 1245 2502; x_wconf 65' lang='lat' dir='ltr'><strong>oren</strong></span> <span class='ocrx_word' id='word_1_161' title='bbox 1262 2469 1318 2504; x_wconf 85' lang='lat' dir='ltr'><strong>nou</strong></span> <span class='ocrx_word' id='word_1_162' title='bbox 1336 2449 1375 2503; x_wconf 83' lang='lat' dir='ltr'><strong>in·</strong></span> 
     </span>
     <span class='ocr_line' id='line_1_20' title="bbox 298 2523 1374 2604; baseline 0 -27"><span class='ocrx_word' id='word_1_163' title='bbox 298 2524 689 2598; x_wconf 74' lang='lat' dir='ltr'><strong>refertLSanere,Epist.xs,</strong></span> <span class='ocrx_word' id='word_1_164' title='bbox 713 2524 808 2576; x_wconf 82' lang='lat' dir='ltr'><strong>tractim</strong></span> <span class='ocrx_word' id='word_1_165' title='bbox 859 2534 929 2604; x_wconf 70' lang='lat' dir='ltr'><strong>tegra</strong></span> <span class='ocrx_word' id='word_1_166' title='bbox 943 2530 1032 2595; x_wconf 70' lang='lat' dir='ltr'><strong>praeter</strong></span> <span class='ocrx_word' id='word_1_167' title='bbox 1051 2523 1094 2577; x_wconf 79' lang='lat' dir='ltr'><strong>itta</strong></span> <span class='ocrx_word' id='word_1_168' title='bbox 1112 2537 1247 2578; x_wconf 78' lang='lat' dir='ltr'><strong>entreme...</strong></span> <span class='ocrx_word' id='word_1_169' title='bbox 1264 2534 1305 2579; x_wconf 73' lang='grc' dir='ltr'><strong>νῦν</strong></span> <span class='ocrx_word' id='word_1_170' title='bbox 1319 2527 1374 2579; x_wconf 65' lang='grc' dir='ltr'><strong>λάθε</strong></span> 
     </span>
     <span class='ocr_line' id='line_1_21' title="bbox 299 2599 1087 2672; baseline 0 -18"><span class='ocrx_word' id='word_1_171' title='bbox 299 2601 414 2668; x_wconf 79' lang='lat' dir='ltr'><strong>dicebat,</strong></span> <span class='ocrx_word' id='word_1_172' title='bbox 429 2611 453 2656; x_wconf 87' lang='lat' dir='ltr'><strong>et</strong></span> <span class='ocrx_word' id='word_1_173' title='bbox 467 2615 586 2672; x_wconf 81' lang='lat' dir='ltr'><strong>tanquam</strong></span> <span class='ocrx_word' id='word_1_174' title='bbox 600 2601 719 2664; x_wconf 70' lang='lat' dir='ltr'><strong>dictarett</strong></span> <span class='ocrx_word' id='word_1_175' title='bbox 737 2601 808 2652; x_wconf 77' lang='lat' dir='ltr'><strong>fuere</strong></span> <span class='ocrx_word' id='word_1_176' title='bbox 859 2603 889 2651; x_wconf 74' lang='lat' dir='ltr'><strong>rit</strong></span> <span class='ocrx_word' id='word_1_177' title='bbox 899 2603 973 2669; x_wconf 73' lang='grc' dir='ltr'>ξίφος.</span> <span class='ocrx_word' id='word_1_178' title='bbox 991 2599 1087 2655; x_wconf 76' lang='lat' dir='ltr'><strong>scion.</strong></span> 
     </span>
    </p>
   </div>
   <div class='ocr_carea' id='block_1_4' title="bbox 380 2851 1155 2987">
    <p class='ocr_par' dir='ltr' id='par_1_6' title="bbox 380 2851 1155 2987">
     <span class='ocr_line' id='line_1_22' title="bbox 380 2851 1155 2987; baseline -0.003 1"><span class='ocrx_word' id='word_1_179' title='bbox 380 2917 382 2920; x_wconf 93' lang='lat'>·</span> <span class='ocrx_word' id='word_1_180' title='bbox 470 2851 997 2987; x_wconf 72' lang='lat' dir='ltr'><strong>-oorrrovrasn</strong></span> <span class='ocrx_word' id='word_1_181' title='bbox 1036 2903 1155 2986; x_wconf 81' lang='lat' dir='ltr'><strong>xru.</strong></span> 
     </span>
    </p>
   </div>
   <div class='ocr_carea' id='block_1_5' title="bbox 565 3060 1105 3141">
    <p class='ocr_par' dir='ltr' id='par_1_7' title="bbox 565 3060 1105 3141">
     <span class='ocr_line' id='line_1_23' title="bbox 565 3060 1105 3141; baseline 0 -1"><span class='ocrx_word' id='word_1_182' title='bbox 565 3090 678 3140; x_wconf 73' lang='lat' dir='ltr'><strong>rurus</strong></span> <span class='ocrx_word' id='word_1_183' title='bbox 696 3060 741 3140; x_wconf 73' lang='lat' dir='ltr'><strong>ar</strong></span> <span class='ocrx_word' id='word_1_184' title='bbox 762 3088 879 3141; x_wconf 77' lang='lat' dir='ltr'><strong>rmus</strong></span> <span class='ocrx_word' id='word_1_185' title='bbox 897 3086 1105 3140; x_wconf 79' lang='lat' dir='ltr'><strong>suxuatost.</strong></span> 
     </span>
    </p>
   </div>
   <div class='ocr_carea' id='block_1_6' title="bbox 297 3241 1374 3406">
    <p class='ocr_par' dir='ltr' id='par_1_8' title="bbox 297 3241 1374 3406">
     <span class='ocr_line' id='line_1_24' title="bbox 297 3241 1374 3326; baseline -0.005 -17"><span class='ocrx_word' id='word_1_186' title='bbox 297 3247 412 3319; x_wconf 65' lang='lat' dir='ltr'><strong>Tentis.</strong></span> <span class='ocrx_word' id='word_1_187' title='bbox 428 3243 569 3326; x_wconf 77' lang='lat' dir='ltr'><strong>Quidum,</strong></span> <span class='ocrx_word' id='word_1_188' title='bbox 582 3241 839 3326; x_wconf 65' lang='lat' dir='ltr'><strong>bwwiautefib&#39;w,</strong></span> <span class='ocrx_word' id='word_1_189' title='bbox 852 3245 995 3304; x_wconf 72' lang='lat' dir='ltr'><strong>luxuriari</strong></span> <span class='ocrx_word' id='word_1_190' title='bbox 1004 3245 1267 3326; x_wconf 57' lang='lat' dir='ltr'><strong>cosummatus</strong></span> <span class='ocrx_word' id='word_1_191' title='bbox 1277 3243 1374 3326; x_wconf 68' lang='lat' dir='ltr'><strong>ofitus</strong></span> 
     </span>
     <span class='ocr_line' id='line_1_25' title="bbox 636 3344 1029 3406; baseline 0.003 -2"><span class='ocrx_word' id='word_1_192' title='bbox 636 3345 793 3406; x_wconf 73' lang='lat' dir='ltr'><strong>dementia.</strong></span> <span class='ocrx_word' id='word_1_193' title='bbox 811 3344 1029 3406; x_wconf 72' lang='lat' dir='ltr'><strong>Contradtctur.</strong></span> 
     </span>
    </p>
   </div>
   <div class='ocr_carea' id='block_1_7' title="bbox 217 3503 1374 3836">
    <p class='ocr_par' dir='ltr' id='par_1_9' title="bbox 217 3503 1374 3836">
     <span class='ocr_line' id='line_1_26' title="bbox 343 3503 1374 3596; baseline 0 -24"><span class='ocrx_word' id='word_1_194' title='bbox 343 3503 609 3574; x_wconf 76' lang='lat' dir='ltr'><strong>PRO-PATRE.</strong></span> <span class='ocrx_word' id='word_1_195' title='bbox 625 3508 745 3573; x_wconf 76' lang='lat' dir='ltr'><strong>Poscis</strong></span> <span class='ocrx_word' id='word_1_196' title='bbox 755 3507 930 3570; x_wconf 78' lang='lat' dir='ltr'><strong>Lsrnours.</strong></span> <span class='ocrx_word' id='word_1_197' title='bbox 946 3507 1133 3596; x_wconf 83' lang='lat' dir='ltr'><strong>Utriusque</strong></span> <span class='ocrx_word' id='word_1_198' title='bbox 1146 3520 1260 3572; x_wconf 86' lang='lat' dir='ltr'><strong>tamen</strong></span> <span class='ocrx_word' id='word_1_199' title='bbox 1277 3529 1374 3572; x_wconf 85' lang='lat' dir='ltr'><strong>rom-</strong></span> 
     </span>
     <span class='ocr_line' id='line_1_27' title="bbox 217 3617 1369 3720; baseline -0.003 -29"><span class='ocrx_word' id='word_1_200' title='bbox 217 3701 220 3712; x_wconf 36' lang='lat'><strong>,</strong></span> <span class='ocrx_word' id='word_1_201' title='bbox 295 3631 435 3716; x_wconf 83' lang='lat' dir='ltr'><strong>paretur</strong></span> <span class='ocrx_word' id='word_1_202' title='bbox 458 3621 605 3689; x_wconf 82' lang='lat' dir='ltr'><strong>luxuria.</strong></span> <span class='ocrx_word' id='word_1_203' title='bbox 625 3620 682 3690; x_wconf 89' lang='lat' dir='ltr'><strong>Tu</strong></span> <span class='ocrx_word' id='word_1_204' title='bbox 708 3617 877 3690; x_wconf 84' lang='lat' dir='ltr'><strong>consumis</strong></span> <span class='ocrx_word' id='word_1_205' title='bbox 899 3620 1140 3714; x_wconf 84' lang='lat' dir='ltr'><strong>patrimonium</strong></span> <span class='ocrx_word' id='word_1_206' title='bbox 1163 3623 1369 3720; x_wconf 83' lang='lat' dir='ltr'><strong>patrissui:</strong></span> 
     </span>
     <span class='ocr_line' id='line_1_28' title="bbox 295 3737 1370 3836; baseline -0.005 -25"><span class='ocrx_word' id='word_1_207' title='bbox 295 3765 360 3836; x_wconf 75' lang='lat' dir='ltr'><strong>ego</strong></span> <span class='ocrx_word' id='word_1_208' title='bbox 373 3741 577 3810; x_wconf 86' lang='lat' dir='ltr'><strong>accusatoris</strong></span> <span class='ocrx_word' id='word_1_209' title='bbox 589 3741 669 3807; x_wconf 86' lang='lat' dir='ltr'><strong>mei.</strong></span> <span class='ocrx_word' id='word_1_210' title='bbox 685 3740 846 3832; x_wconf 83' lang='lat' dir='ltr'><strong>Naviga²,</strong></span> <span class='ocrx_word' id='word_1_211' title='bbox 860 3737 985 3818; x_wconf 84' lang='lat' dir='ltr'><strong>milita,</strong></span> <span class='ocrx_word' id='word_1_212' title='bbox 999 3739 1235 3832; x_wconf 76' lang='lat' dir='ltr'><strong>peregrinare,</strong></span> <span class='ocrx_word' id='word_1_213' title='bbox 1251 3763 1370 3830; x_wconf 82' lang='lat' dir='ltr'><strong>quaere</strong></span> 
     </span>
    </p>
   </div>
   <div class='ocr_carea' id='block_1_8' title="bbox 288 3929 1422 4317">
    <p class='ocr_par' dir='ltr' id='par_1_10' title="bbox 288 3929 1422 4317">
     <span class='ocr_line' id='line_1_29' title="bbox 327 3929 1370 4008; baseline -0.006 -19"><span class='ocrx_word' id='word_1_214' title='bbox 327 3929 803 4008; x_wconf 71' lang='lat' dir='ltr'><strong>1.Qnidnmluxuriantefilio‚.0perae</strong></span> <span class='ocrx_word' id='word_1_215' title='bbox 886 3929 1370 4000; x_wconf 64' lang='lat' dir='ltr'><strong>n.Naoign,miiito,peregrinarfflaer</strong></span> 
     </span>
     <span class='ocr_line' id='line_1_30' title="bbox 290 4003 1370 4087; baseline -0.006 -20"><span class='ocrx_word' id='word_1_216' title='bbox 290 4013 398 4087; x_wconf 83' lang='lat' dir='ltr'><strong>pretium</strong></span> <span class='ocrx_word' id='word_1_217' title='bbox 422 4006 470 4066; x_wconf 86' lang='lat' dir='ltr'><strong>erit</strong></span> <span class='ocrx_word' id='word_1_218' title='bbox 498 4005 650 4065; x_wconf 83' lang='lat' dir='ltr'><strong>contendere</strong></span> <span class='ocrx_word' id='word_1_219' title='bbox 676 4028 735 4061; x_wconf 90' lang='lat' dir='ltr'><strong>cum</strong></span> <span class='ocrx_word' id='word_1_220' title='bbox 761 4007 802 4062; x_wconf 85' lang='lat' dir='ltr'><strong>his</strong></span> <span class='ocrx_word' id='word_1_221' title='bbox 852 4007 935 4080; x_wconf 86' lang='lat' dir='ltr'><strong>potius</strong></span> <span class='ocrx_word' id='word_1_222' title='bbox 961 4005 1126 4080; x_wconf 82' lang='lat' dir='ltr'><strong>inceptsveris</strong></span> <span class='ocrx_word' id='word_1_223' title='bbox 1140 4003 1255 4076; x_wconf 62' lang='lat' dir='ltr'><strong>&#39;meoque</strong></span> <span class='ocrx_word' id='word_1_224' title='bbox 1276 4007 1370 4062; x_wconf 75' lang='lat' dir='ltr'><strong>adnis-</strong></span> 
     </span>
     <span class='ocr_line' id='line_1_31' title="bbox 290 4068 1369 4161; baseline -0.005 -18"><span class='ocrx_word' id='word_1_225' title='bbox 290 4081 371 4144; x_wconf 82' lang='lat' dir='ltr'><strong>Pianti</strong></span> <span class='ocrx_word' id='word_1_226' title='bbox 382 4075 546 4156; x_wconf 64' lang='lat' dir='ltr'><strong>comediam,</strong></span> <span class='ocrx_word' id='word_1_227' title='bbox 565 4068 756 4160; x_wconf 69' lang='lat' dir='ltr'><strong>que&#39;asinarta</strong></span> <span class='ocrx_word' id='word_1_228' title='bbox 765 4085 801 4138; x_wconf 89' lang='lat' dir='ltr'><strong>iu·</strong></span> <span class='ocrx_word' id='word_1_229' title='bbox 851 4105 922 4139; x_wconf 77' lang='lat' dir='ltr'><strong>scena</strong></span> <span class='ocrx_word' id='word_1_230' title='bbox 934 4085 1048 4160; x_wconf 80' lang='lat' dir='ltr'><strong>exemplo</strong></span> <span class='ocrx_word' id='word_1_231' title='bbox 1060 4085 1168 4151; x_wconf 80' lang='lat' dir='ltr'><strong>vixeris,</strong></span> <span class='ocrx_word' id='word_1_232' title='bbox 1182 4105 1259 4156; x_wconf 83' lang='lat' dir='ltr'><strong>quam</strong></span> <span class='ocrx_word' id='word_1_233' title='bbox 1273 4087 1329 4161; x_wconf 77' lang='lat' dir='ltr'><strong>ipre</strong></span> <span class='ocrx_word' id='word_1_234' title='bbox 1344 4087 1369 4138; x_wconf 84' lang='lat' dir='ltr'><strong>in</strong></span> 
     </span>
     <span class='ocr_line' id='line_1_32' title="bbox 288 4159 1422 4236; baseline -0.003 -17"><span class='ocrx_word' id='word_1_235' title='bbox 288 4161 415 4232; x_wconf 81' lang='lat' dir='ltr'><strong>scribitur,</strong></span> <span class='ocrx_word' id='word_1_236' title='bbox 425 4159 449 4220; x_wconf 67' lang='lat' dir='ltr'><strong>st</strong></span> <span class='ocrx_word' id='word_1_237' title='bbox 459 4169 479 4220; x_wconf 87' lang='lat' dir='ltr'><strong>si</strong></span> <span class='ocrx_word' id='word_1_238' title='bbox 490 4180 587 4221; x_wconf 87' lang='lat' dir='ltr'><strong>tantum</strong></span> <span class='ocrx_word' id='word_1_239' title='bbox 599 4163 642 4219; x_wconf 74' lang='lat' dir='ltr'><strong>aba</strong></span> <span class='ocrx_word' id='word_1_240' title='bbox 652 4185 678 4218; x_wconf 90' lang='lat' dir='ltr'><strong>re</strong></span> <span class='ocrx_word' id='word_1_241' title='bbox 689 4163 744 4229; x_wconf 87' lang='lat' dir='ltr'><strong>otii,</strong></span> <span class='ocrx_word' id='word_1_242' title='bbox 757 4163 802 4218; x_wconf 84' lang='lat' dir='ltr'><strong>Ca-</strong></span> <span class='ocrx_word' id='word_1_243' title='bbox 851 4174 906 4217; x_wconf 81' lang='lat' dir='ltr'><strong>cute</strong></span> <span class='ocrx_word' id='word_1_244' title='bbox 919 4163 1032 4217; x_wconf 78' lang='lat' dir='ltr'><strong>curanda</strong></span> <span class='ocrx_word' id='word_1_245' title='bbox 1043 4175 1186 4236; x_wconf 81' lang='lat' dir='ltr'><strong>occupatus,</strong></span> <span class='ocrx_word' id='word_1_246' title='bbox 1199 4163 1369 4218; x_wconf 78' lang='lat' dir='ltr'><strong>luxuriosam·</strong></span> <span class='ocrx_word' id='word_1_247' title='bbox 1420 4219 1422 4234; x_wconf 46' lang='lat'><strong>⁴</strong></span> 
     </span>
     <span class='ocr_line' id='line_1_33' title="bbox 291 4243 1422 4317; baseline 0.003 -22"><span class='ocrx_word' id='word_1_248' title='bbox 291 4243 381 4297; x_wconf 83' lang='lat' dir='ltr'><strong>sinam.</strong></span> <span class='ocrx_word' id='word_1_249' title='bbox 395 4244 491 4300; x_wconf 73' lang='lat' dir='ltr'><strong>Scitote.</strong></span> <span class='ocrx_word' id='word_1_250' title='bbox 852 4245 1128 4313; x_wconf 67' lang='lat' dir='ltr'><strong>qureaeqrtensvitsrn,</strong></span> <span class='ocrx_word' id='word_1_251' title='bbox 1146 4243 1368 4317; x_wconf 71' lang='lat' dir='ltr'><strong>stremai&#39;fligens</strong></span> <span class='ocrx_word' id='word_1_252' title='bbox 1419 4269 1422 4298; x_wconf 68' lang='lat' dir='ltr'><strong>t</strong></span> 
     </span>
    </p>
   </div>
   <div class='ocr_carea' id='block_1_9' title="bbox 0 0 1444 4816">
    <p class='ocr_par' dir='ltr' id='par_1_11' title="bbox 0 0 1444 4816">
     <span class='ocr_line' id='line_1_34' title="bbox 0 0 1444 4816; baseline 0 2"><span class='ocrx_word' id='word_1_253' title='bbox 0 0 1444 4816; x_wconf 95' lang='lat' dir='ltr'><strong> </strong></span> 
     </span>
    </p>
   </div>
  </div>
 </body>
</html>
