2874 4808
241 507 679 604 CONTROVERSIARUM
702 509 785 578 ΗΒ.
810 507 880 598 IV,
909 527 968 604 27:
1080 513 1148 606 373

58 623 145 704 'tulit
167 635 216 705 ad
243 654 444 730 tyrannum,
473 653 533 706 aut
557 639 616 731 qui
644 639 793 707 innectus
822 641 958 732 tyranni
982 642 1150 736 imagines

64 757 159 822 inter
174 753 311 846 effigiet
326 751 468 822 deorum
487 752 727 825 immortalium
741 741 968 827 consecravit.
986 757 1044 854 An
1056 773 1149 827 mtut

47 873 128 954 ¹sit,
150 873 211 964 qui
230 889 328 964 patre
341 869 486 963 jubente
505 871 600 940 iecit.
624 875 702 941 Nou
721 873 864 959 cecidit,
890 874 950 943 aed
967 877 1100 968 pumit3
1117 891 1152 943 ct

67 989 155 1057 illud
179 987 266 1056 dixit
292 989 327 1055 in
360 989 615 1057 narrationibus
642 1017 650 1056 ε
676 989 792 1060 Stabat
821 995 1013 1062 contumaci
1045 994 1151 1063 frater

67 1105 185 1189 vultu,
208 1103 374 1172 intellexit
390 1129 459 1172 non
476 1125 576 1198 pocae
592 1106 669 1201 cogi
686 1131 706 1175 e
722 1123 881 1200 tyranno.
902 1109 956 1177 Au
973 1125 1067 1179 tutuo
1084 1110 1149 1192 tit,

68 1219 129 1311 qni
147 1242 213 1311 pro
229 1218 342 1311 patria
358 1217 452 1285 iacit.
475 1219 529 1286 An
547 1216 605 1288 hic
621 1241 685 1314 pro
699 1222 811 1314 patria
825 1217 959 1291 lecerit.
977 1225 1062 1293 Item
1070 1273 1081 1310 ,
1097 1221 1155 1292 An

69 1335 129 1404 iiio
143 1335 217 1428 jam
236 1335 389 1428 tempore
413 1334 654 1427 cogitationem
677 1339 898 1430 tyrannicidii
922 1339 1101 1423 habuerit,
1118 1355 1157 1408 et

68 1451 137 1520 hoc
153 1451 269 1520 animo
287 1451 472 1539 ceciderit,
492 1470 529 1522 ut
544 1453 674 1522 aditum
692 1453 820 1523 luceret
833 1454 898 1522 eibi
913 1453 957 1522 ad
970 1456 1158 1524 amicitiam

70 1569 225 1662 tynum.

119 1686 307 1754 monimus
325 1685 468 1754 ccillam
499 1687 720 1778 quaeationem
748 1685 901 1756 ultimam
928 1687 1010 1755 lecit
1035 1713 1043 1756 ε
1071 1687 1126 1757 An
1140 1739 1151 1774 ,

7 1823 12 1837 ·
71 1805 174 1872 ctiam
190 1803 219 1871 oi
234 1803 321 1894 quid
334 1820 510 1896 peccatum
527 1819 597 1885 ent,
618 1819 713 1873 tanto
728 1805 848 1872 merito
863 1804 1077 1898 redemptum
1093 1807 1150 1874 ait.

121 1923 255 1990 Grumo
273 1920 365 1989 iiiam
384 1923 606 2013 quaettiouem
621 1923 766 2016 primam
780 1922 862 1992 iecit
878 1949 887 1989 t
905 1922 960 1990 An
974 1921 1062 1992 ultio
1077 1924 1153 1992 caeai

72 2035 200 2129 patria,
220 2019 351 2104 nuliiut
365 2033 409 2103 eit
428 2036 494 2104 nisi
507 2036 628 2130 patria.
647 2038 816 2121 Invitum,
837 2039 969 2130 iuquit,
985 2061 1040 2106 me
1055 2061 1155 2106 nemo

71 2148 286 2235 vindicaret,
307 2153 336 2220 ai
356 2175 375 2219 a
395 2152 551 2244 quolibet
567 2152 680 2221 alieno
697 2175 804 2224 mous
818 2177 946 2238 eonem,
975 2169 1009 2223 ct
1028 2153 1155 2248 nollem

72 2291 178 2360 agere
197 2267 402 2359 injuriarum
421 2291 544 2336 :nemo
561 2271 699 2338 nomine
713 2295 788 2339 mco
802 2285 942 2364 ageret,
958 2271 1055 2364 atqui
1067 2269 1161 2340 nihil

73 2386 217 2452 intereat
233 2409 241 2451 t
258 2407 358 2478 poena
377 2384 484 2478 major
501 2399 552 2452 eet
569 2387 644 2477 ejua
659 2388 721 2478 qui
738 2385 882 2473 cecidit,
899 2389 957 2480 juo
978 2384 1068 2456 idem
1082 2389 1158 2479 ejua
1231 2477 1233 2482 ι

73 2503 133 2594 qui
152 2521 261 2569 creant
280 2517 344 2568 eat.
364 2502 491 2569 Contra
512 2489 564 2569 aii
571 2551 582 2587 ,
605 2501 763 2578 omuibut
781 2505 949 2572 actionem
968 2501 1043 2571 dari
1057 2532 1071 2590 3·
1087 2525 1156 2571 non
1242 2575 1244 2578 ,

74 2619 168 2688 enim
187 2619 353 2711 privatam
372 2641 445 2686 ease
461 2619 642 2711 iujuriam,
664 2619 725 2688 aad
742 2619 915 2714 publicam
934 2645 948 2688 :-
963 2620 1078 2712 itaqua
1091 2633 1163 2688 nec

74 2737 249 2804 aratione
264 2731 406 2827 defungi
425 2733 640 2820 damnatum,
661 2751 721 2803 aut
738 2735 941 2828 injuriarum
959 2757 1082 2829 prena„
1093 2733 1157 2804 aed

74 2873 199 2920 manua
222 2849 373 2944 pendere
391 2850 460 2918 :ad
479 2871 597 2920 omnes
618 2868 733 2945 patrea
758 2854 932 2945 pertincte
951 2851 1023 2920 hoe
1037 2869 1157 2920 exem·

74 2967 191 3062 plum,
210 2967 256 3035 ad
273 2987 389 3035 omnes
406 2965 520 3054 iiiioa,
537 2982 573 3034 et
590 2967 758 3062 adipeam
775 2991 885 3062 remp.
909 2966 991 3035 talea
1006 2988 1080 3036 cose
1096 2967 1156 3059 qui

75 3077 164 3154 liant
177 3084 335 3178 tyranni,
361 3100 455 3153 certa
480 3085 541 3176 qui
565 3100 789 3178 tyrannorum
814 3086 927 3154 amici.
954 3087 997 3153 Et
1021 3085 1157 3154 ultimas
1248 3132 1253 3144 .

77 3203 141 3272 hat
156 3202 239 3272 fecit
253 3201 454 3293 quaeotioneo
472 3227 481 3269 ι
496 3201 570 3285 itu,
590 3203 618 3269 ai
633 3203 692 3297 pio
707 3204 822 3270 auimo
837 3202 934 3288 iecit,
951 3227 1021 3272 uon
1036 3219 1158 3272 tenea-

77 3337 136 3390 tur
152 3343 162 3387 :
180 3319 234 3388 An
250 3317 342 3387 bono
358 3320 473 3386 animo
493 3317 626 3386 iecerit.
646 3319 689 3386 Et
705 3318 741 3385 in
757 3318 814 3387 iilo
828 3321 1017 3410 quaettione
1030 3321 1158 3388 Latro-

77 3437 152 3517 nio,
176 3433 230 3502 Au
256 3448 352 3500 tutuo
368 3448 419 3501 eat
444 3433 503 3526 qui
524 3447 622 3526 patre
638 3433 774 3501 volente
794 3433 916 3502 fecerit
932 3459 939 3498 :
955 3435 1056 3501 Nunc
1066 3483 1078 3520 ,
1099 3434 1160 3502 in-

79 3556 177 3647 quit,
203 3552 307 3644 fingis
328 3550 366 3620 in
387 3551 451 3619 filii
472 3553 722 3645 patrocinium,
743 3551 804 3620 aed
822 3566 904 3620 tunc
933 3550 1085 3620 uoluisti.
1117 3555 1160 3620 Et

78 3667 207 3761 adjecit
224 3693 232 3734 :
248 3669 300 3735 Ne
318 3665 462 3749 dixeris,
485 3666 576 3734 idem
599 3665 747 3734 voluisse
768 3682 900 3760 patrem
920 3665 1013 3758 quod
1037 3681 1160 3758 tyran-

79 3809 175 3854 num.
199 3782 383 3878 Quaeritio‚
408 3783 476 3852 utri
494 3784 676 3877 paruerit?
690 3786 874 3876 Tyrannus
894 3783 992 3852 iilum
1008 3783 1155 3866 amavit,

79 3917 242 3995 tauquam
258 3898 325 3970 cibi
339 3900 520 3994 paruisset.
539 3902 655 3982 Pater,
673 3900 808 3992 inquit,
826 3900 933 3969 voluit
951 3926 958 3967 ε
977 3901 1023 3968 ita
1037 3913 1074 3965 tu
1089 3921 1159 3966 non

80 4067 129 4100 mn
138 4047 267 4114 pulsarit.
279 4043 596 4118 Appetetltanequtettio-
645 4055 750 4118 patrem.
761 4045 812 4098 Sed
826 4063 878 4097 non
892 4044 956 4097 indo
970 4041 1092 4096 continno
1105 4040 1154 4114 jam

82 4143 140 4177 nem
153 4122 262 4177 formari
281 4142 311 4175 οι
323 4123 369 4187 iia,
383 4141 439 4193 quae
453 4122 596 4194 premissa:
644 4121 672 4175 id
685 4141 788 4194 quoquc
798 4122 897 4189 iicebit,
912 4133 939 4174 nt
952 4121 1032 4176 tedes
1043 4133 1156 4193 patrem3

81 4203 126 4256 ubi
138 4201 295 4268 otoenditur,
314 4199 428 4254 officium
443 4201 596 4271 quandoque
645 4201 696 4255 hoc
708 4201 778 4255 enirn
797 4203 906 4273 gravina
926 4201 1029 4276 Uipitn.
1042 4201 1070 4255 ia
1088 4197 1106 4254 l.
1128 4203 1160 4272 5,

84 4299 135 4334 ute
154 4279 243 4334 durius
261 4287 386 4346 unctui,
404 4289 448 4331 tut
460 4287 488 4330 et
500 4278 597 4350 pulsare
646 4279 709 4353 Dig.
723 4279 754 4332 de
767 4279 847 4354 injur.
860 4278 959 4334 satuti
