2894 4784
209 438 213 449 .
295 388 363 472 664
619 387 665 452 Μ.
687 382 836 452 'ANNAEl
860 381 1036 452 SENEGAE

292 513 423 604 sagittis
448 510 738 604 persequebatur3
764 510 838 578 boee
858 510 969 576 omnia
983 510 1028 576 ad
1041 512 1179 602 impiam
1192 527 1225 577 et
1241 535 1374 603 super-

206 666 210 682 ·
292 625 370 692 bam
385 625 507 692 Xerxis
524 625 675 694 militiam
690 627 874 718 pertinent.
891 623 1023 716 Ecquid
1035 627 1050 691 t
1062 650 1145 718 ergo
1157 624 1288 693 bellum
1304 624 1374 691 ba-

289 741 464 809 bebimus?
478 738 702 826 Habebimus3
719 742 782 808 etsi
796 742 930 806 Xerxen
947 739 1148 826 removebis,
1166 741 1372 808 invenietur

291 855 380 938 alius
401 855 517 923 bostis.
541 858 719 945 Nunquam
742 877 865 946 magna
890 854 1033 946 imperia
1053 855 1173 922 otiosa.
1198 857 1367 924 Omnium

290 971 479 1039 bellorum¹
501 993 664 1064 prospere
680 969 724 1037 ab
740 968 1005 1038 Atheniensibus
1022 985 1207 1062 gestorum.
1226 971 1365 1040 Deinde

291 1111 360 1156 non
378 1087 444 1154 erit
460 1086 600 1154 bellum.
622 1087 751 1154 Xerxes
775 1087 866 1171 enim
889 1109 958 1152 non
980 1086 1115 1171 veniet3
1135 1085 1244 1154 multo
1264 1089 1364 1154 timi-

290 1203 403 1272 diores
419 1225 491 1270 esse
510 1203 569 1292 qui
587 1200 821 1293 superbissimi
838 1201 1008 1268 fuerint²i¹
1022 1201 1228 1286 Novissime,
1247 1219 1286 1269 ut
1297 1227 1362 1271 re-

204 1395 205 1400 *
290 1322 379 1399 nint,
393 1343 470 1388 cum
485 1318 608 1410 quibus
620 1317 756 1385 veniet?
769 1313 931 1408 reliquias
942 1295 1091 1385 iictoriae
1104 1313 1246 1385 ιιοειιω3
1258 1319 1361 1386 eolli-

291 1450 348 1528 qet
374 1458 381 1500 ι
406 1430 482 1499 illos
511 1429 676 1520 adducet,
712 1453 797 1520 quos
827 1431 944 1523 priore
973 1429 1062 1496 bello
1093 1429 1193 1522 quasi
1220 1431 1358 1500 inutiles

290 1539 474 1638 reliquias⁴
493 1547 610 1632 novit,
638 1545 665 1613 si
684 1547 800 1637 quiex
823 1544 901 1636 luga
917 1545 1090 1612 consecuti
1100 1562 1201 1614 sunt.
1219 1547 1356 1614 Nullum

289 1661 392 1734 habet
409 1661 567 1742 militem,
590 1658 731 1760 nisinaut
748 1660 952 1744 fastiditum,
975 1678 1033 1728 aut
1049 1663 1190 1733 victum.

259 1799 264 1806 ·
335 1776 566 1844 decertaturus
585 1774 638 1842 bis
659 1774 791 1842 duobus
809 1791 987 1844 contentus
1005 1777 1068 1844 suit
1087 1804 1094 1844 ι
1111 1793 1169 1845 aut
1189 1801 1259 1844 non
1275 1801 1355 1845 sen-

288 1915 401 1963 turum
414 1874 569 1977 Xerxen,
586 1910 644 1960 aut
662 1917 728 1960 non
748 1916 820 1960 esse
834 1893 1071 1980 metuendum,
1091 1898 1119 1962 si
1136 1896 1282 1962 venerit.
1299 1897 1355 1962 llis

288 2013 366 2078 solis
382 2010 505 2076 institit
523 2036 529 2074 :
547 2025 581 2078 et
597 2007 680 2076 illud
695 2008 779 2075 dixit
791 2009 885 2100 quod
902 2027 1092 2102 excerptum
1109 1989 1182 2080 ew
1198 2013 1351 2098 :Tollite

286 2127 415 2217 inquit,
435 2126 596 2217 tropbaea.
618 2127 652 2192 Si
672 2126 801 2208 vicisti,
823 2127 908 2218 quid
927 2128 1122 2198 erubescis?
1138 2131 1167 2200 si
1180 2105 1292 2200 vietus
1305 2157 1348 2214 es,

240 2309 242 2314 .
287 2242 370 2335 quid
383 2229 549 2334 imperas?
561 2243 688 2309 Locum
701 2243 805 2308 movit
818 2223 888 2310 non
900 2244 1068 2313 inutiliter
1086 2273 1093 2311 :
1105 2247 1265 2337 judicare
1279 2251 1351 2342 qui-

287 2357 364 2454 dem
380 2381 434 2441 se,
453 2380 565 2448 neque
578 2358 736 2442 Xerxen,
753 2381 866 2448 neque
873 2357 945 2450 jam
958 2383 1163 2452 quemquam
1177 2365 1347 2434 Persarum

284 2497 443 2568 ausurum
463 2474 498 2538 in
517 2473 678 2541 Graeciam
692 2469 890 2542 effundere⁶
910 2501 918 2540 :
936 2475 1053 2544 sedeo
1068 2481 1176 2570 magis
1190 2481 1275 2570 ipsis
1287 2499 1347 2550 tm·

283 2591 378 2686 phem
392 2587 533 2670 tuenda,
552 2590 581 2656 si
596 2590 673 2679 quis
684 2613 833 2680 unquam
847 2573 943 2657 illinc
956 2607 1120 2660 venturus
1133 2593 1243 2663 bostis
1253 2611 1344 2680 esset,

320 2807 340 2838 ι.
354 2784 483 2838 Omnium
501 2782 729 2837 deiiomm.Video
743 2781 792 2836 de·
876 2785 899 2837 5.
913 2782 952 2836 Et
967 2786 1037 2837 iliud
1059 2787 1145 2848 dixit,
1173 2791 1247 2858 qraod
1263 2809 1345 2842 excen-

284 2885 336 2920 essu
347 2865 461 2933 aliquid,
471 2863 596 2933 addeque,
609 2863 735 2916 Omnium
744 2865 793 2916 bei·
839 2872 915 2929 pisam
933 2871 978 2914 est.
997 2862 1096 2935 Nempe
1116 2885 1146 2916 ex
1162 2865 1238 2930 aliis,
1253 2887 1307 2937 que
1318 2869 1345 2920 de

283 2947 369 2995 lorum
380 2943 462 3009 pudet
468 2959 591 3009 prospere
602 2939 637 2991 ab
648 2939 793 2992 Athenien·
842 2939 945 2992 Victore
956 2939 1067 2992 Statorio
1082 2940 1129 2994 bae
1141 2961 1218 3013 super
1232 2963 1258 2997 re
1270 2945 1344 2998 disse-

282 3017 357 3072 sibus
365 3026 497 3086 pelorum
504 3034 513 3082 ,¹
528 3014 645 3068 utstatim
658 3017 745 3068 Multo
754 3019 793 3068 li-
842 3017 901 3069 ruit.
914 3017 949 3068 lta
960 3015 1060 3069 suasor.
1073 3038 1086 3069 n
1098 3036 1105 3070 :
1115 3021 1276 3074 «Occasione
1289 3043 1343 3076 enu-

283 3095 408 3147 midiores
414 3103 484 3157 siant,
494 3096 541 3162 qui
547 3092 727 3162 superbissimi
726 3091 793 3158 sue-
841 3095 1015 3148 indictionem
1026 3097 1140 3168 sumpsit.
1147 3117 1162 3142 ι
1172 3097 1226 3150 Ubi
1237 3099 1343 3152 diximus

163 3187 169 3199 ·
281 3179 341 3227 rint.
356 3173 452 3228 &hou
460 3200 492 3224 ι·-
501 3172 619 3247 Suppleri
631 3173 685 3224 vult
696 3171 793 3227 Schul-
841 3173 898 3225 Nisi
909 3184 1046 3238 exceptum
1061 3173 1237 3228 scribendum.
1252 3178 1341 3229 Sum.

283 3251 380 3323 tingitis
389 3252 539 3304 hieeoeitus.
841 3249 942 3302 litullt
958 3251 1003 3303 ille
1020 3251 1145 3304 sententis
1162 3251 1238 3305 valde
1253 3267 1340 3324 excepta

236 3366 239 3376 .
316 3350 339 3382 u.
359 3329 447 3381 Multo
468 3332 667 3382 timidiores...
681 3330 790 3400 suerint.
816 3331 823 3396 J
840 3341 883 3381 est.
901 3331 987 3400 Roga,
1009 3327 1114 3394 Cicero,
1134 3349 1208 3382 exora
1230 3343 1340 3382 unumst

281 3405 455 3478 Schultingius
467 3407 734 3478 deessepntstsciliret,
747 3419 790 3459 at·
839 3406 917 3458 tribus
929 3406 1029 3458 servias.
1038 3425 1053 3455 u
1075 3405 1199 3459 controv.
1212 3427 1231 3479 q
1246 3425 1253 3458 :
1267 3409 1339 3462 ullus

282 3502 331 3552 que
344 3481 437 3534 scilieet
448 3483 645 3554 intelligendum
653 3485 718 3536 scire
726 3488 791 3536 licet.
839 3482 866 3533 in
888 3481 937 3534 boe
949 3481 1005 3534 loco
1024 3502 1103 3552 quam
1123 3482 1236 3546 diceret,
1253 3498 1337 3555 exeepte

282 3559 546 3629 -Adduutquidam
563 3580 600 3612 an
614 3563 738 3615 nescitis?
755 3561 791 3614 ait
839 3572 924 3613 sunt.»
945 3559 1066 3632 Controy.
1087 3580 1112 3612 ιι
1126 3578 1156 3612 :u
1167 3562 1229 3614 llaee
1246 3561 1288 3614 illo
1305 3561 1338 3612 di-

280 3637 415 3702 schottus,
431 3639 476 3692 sed
501 3638 564 3690 nibil
586 3639 736 3691 mutandum
754 3651 790 3692 est
839 3648 910 3690 cento
920 3649 1018 3708 excepta
1029 3637 1167 3690 memini.»
1178 3639 1338 3692 Contionis:

282 3735 330 3768 nee
340 3716 495 3770 addendum.
839 3715 983 3768 sel-loeloco
993 3713 1056 3767 dixit
1066 3714 1153 3767 Gallio
1163 3715 1237 3767 illam
1246 3729 1336 3769 senmu-

313 3791 337 3844 3.
344 3793 485 3867 Reliquias
492 3796 605 3848 victorin
612 3805 715 3848 nostru.
724 3795 789 3864 Qui·
837 3790 909 3858 tiam,
919 3809 975 3863 qun
983 3790 1055 3843 valde
1065 3805 1164 3864 excepta
1175 3805 1218 3845 est
1226 3815 1241 3839 ιι
1250 3793 1337 3845 Setun

278 3871 324 3924 bus
336 3885 420 3925 nostra
434 3874 539 3926 victoria
552 3874 669 3948 pepercit.
869 3869 894 3922 b.
905 3868 1047 3940 Effundam
1057 3886 1064 3920 :
1075 3871 1159 3923 sedeo
1166 3873 1263 3939 inagis.
1273 3872 1306 3922 lta
1313 3889 1336 3920 ex

309 3951 334 4016 ᾼ
355 3949 444 4022 Quasi
459 3955 564 4006 inutiles
578 3955 709 4022 reliquias.
720 3951 787 4004 Sunt
837 3949 981 4023 conjectura
992 3948 1110 4002 Sebottns
1121 3949 1219 4001 edidit:
1230 3947 1275 4002 alii
1283 3948 1336 4000 olim

277 4025 322 4096 qui
332 4026 438 4082 verbum
449 4033 574 4098 reliquias
583 4030 631 4084 boe
645 4029 701 4084 loeo
712 4029 786 4082 sicuti
834 4027 966 4098 effundere
977 4046 1016 4089 se,
1036 4027 1111 4088 ideu5
1128 4027 1198 4096 quod
1215 4047 1266 4080 nou
1278 4045 1336 4078 mn-

273 4105 421 4157 reduadans
435 4106 530 4159 delent.
836 4104 903 4179 gmit
914 4119 972 4159 eum
983 4103 1154 4174 sequentibus.
