2874 4768
322 497 385 562 582
641 495 689 561 Μ.
716 495 859 562 ANNJEI
882 494 1061 562 SENECAE

319 608 411 690 dnm'
427 622 498 689 viso
512 636 628 689 contra
637 644 730 714 spem
742 621 812 688 tilio
827 620 1024 714 exspirasse.
1045 621 1081 688 Si
1097 617 1141 688 ad
1154 635 1305 690 mortem
1323 625 1395 715 agit

321 749 444 802 matres
467 757 623 826 magnum
652 732 833 826 gaudium,
852 731 936 823 quid
950 753 1098 826 magnus
1113 731 1235 801 dolor?
1256 737 1391 816 Meter,

316 847 421 916 babes
438 870 506 915 non
522 848 691 916 mediocre
709 846 875 915 solatium.
892 846 994 915 Vides
1007 847 1139 940 aliquid
1154 865 1189 916 et
1206 845 1296 917 deos
1309 873 1394 944 per-

318 961 412 1029 dere.
432 963 541 1054 Magis
558 959 638 1029 deos
664 962 795 1041 miseri,
818 983 919 1052 quam
941 960 1030 1027 beati
1053 960 1179 1030 colunt.
1201 965 1282 1030 Non
1305 965 1389 1032 fecit

317 1074 531 1169 sacrilegium
545 1075 686 1158 mulier,
702 1101 770 1144 non
785 1075 864 1144 feeit
880 1075 986 1160 orba,
1002 1099 1070 1142 non
1088 1075 1168 1144 feeit
1180 1099 1255 1168 quse
1268 1095 1389 1148 custo-

313 1190 418 1271 ditur,
434 1212 502 1296 non¹
519 1191 599 1259 fecit
614 1209 688 1280 quae
703 1191 896 1258 confitetur.
913 1190 1023 1270 Irata,
1040 1191 1174 1282 inquis,
1192 1189 1259 1259 diis
1272 1194 1387 1260 eseri-

314 1305 438 1397 legium
451 1306 559 1398 potuit
571 1307 796 1390 committere,
812 1305 981 1396 frangitur
990 1304 1212 1374 calamitosis’
1227 1307 1381 1390 minam,

314 1423 434 1515 etipsa
448 1445 483 1489 se
499 1420 678 1488 infelicitas
691 1418 828 1487 damnat
841 1469 852 1504 ,
873 1435 908 1487 et
921 1421 986 1488 hoe
999 1417 1148 1490 conditio
1162 1419 1310 1490 bumana
1325 1424 1380 1491 ref

307 1538 489 1631 pessimum
502 1535 622 1619 babet,
643 1532 735 1626 quod
749 1535 883 1602 fortuna
895 1558 980 1627 quos
998 1537 1137 1604 miseros
1150 1536 1250 1617 fecit,
1266 1555 1307 1604 et
1319 1561 1381 1604 sn·

308 1653 516 1745 perstitiosos
551 1651 644 1719 facit.
673 1650 880 1744 Diligentius
905 1649 953 1717 dii
980 1650 1137 1718 coluntur
1164 1653 1256 1718 irati.
1286 1651 1380 1744 Quis

309 1789 393 1859 ergo
412 1766 515 1833 feeit?
540 1764 639 1835 Unde
661 1765 750 1834 scire
772 1787 925 1857 possum,
945 1765 1004 1856 qui
1029 1779 1167 1834 matrem
1187 1765 1379 1834 custodio?

245 1947 248 1953 .
309 1879 384 1972 Ago
401 1903 533 1948 causam
551 1880 681 1974 legum,
708 1903 750 1948 ne
769 1879 981 1961 carnificem,
1001 1897 1103 1970 quem
1118 1878 1291 1972 sacrilegis
1311 1881 1379 1946 mi·

313 2012 451 2081 nantur,
470 1997 671 2067 calamitosis
691 1993 889 2066 adhibeant.
907 1999 997 2064 Deos
1019 1996 1067 2066 ita
1081 1995 1208 2080 coluit,
1233 2011 1272 2062 ut
1299 2020 1376 2088 que

314 2129 379 2180 tam
407 2136 470 2205 pro
497 2091 592 2180 malis
609 2113 755 2180 timeret.
776 2111 950 2188 Confessio
968 2106 1206 2180 eonscientiae³
1225 2135 1286 2180 vos
1308 2129 1373 2182 est.

312 2228 505 2310 Confessio,
527 2229 652 2308 coacti,
674 2243 708 2295 et
734 2251 808 2319 quae
826 2227 905 2296 fecit
921 2229 1132 2320 agnoscentis
1149 2244 1200 2296 est
1216 2228 1374 2298 verbum.

355 2397 465 2466 PARS
475 2397 663 2466 ALTERA.
680 2398 837 2466 Omnium
850 2421 912 2466 vox
926 2415 1016 2482 erat,
1035 2397 1249 2492 sacrilegium
1263 2399 1369 2468 latere

307 2537 376 2583 non
393 2515 530 2606 poterit.
545 2513 710 2606 Quisquis
722 2529 791 2595 ost,
808 2535 876 2588 nou
887 2515 960 2606 ipse
972 2513 1097 2582 bonum
1111 2516 1238 2584 exitum
1253 2515 1366 2600 faciet,

305 2650 373 2696 non
391 2627 569 2718 qnisquam
586 2647 735 2692 suorum.
755 2626 839 2692 Etsi
851 2647 956 2694 nemo
972 2627 1074 2696 fuerit
1090 2645 1277 2709 aecusator,
1294 2630 1369 2722 ipse

307 2723 472 2806 narrabit.
488 2738 661 2806 Concitata
674 2739 855 2828 prooessit,
876 2737 969 2805 volut
985 2737 1050 2806 diis
1067 2739 1365 2831 persequentibus.

309 2929 314 2937 =
339 2922 360 2953 r.
371 2901 467 2954 Fertur
475 2903 605 2970 quoedaos
613 2889 701 2954 Eistst
707 2891 825 2954 bistoria⁴'
860 2901 935 2969 velie,
945 2901 1149 2976 necopinantem
1159 2905 1294 2958 videretur.
1304 2906 1373 2975 Qui·

305 2981 371 3051 apud
382 2979 482 3034 Livium
493 2978 538 3030 fib.
548 2980 638 3044 xxtt,
651 2980 682 3032 de
691 2979 812 3032 matribus
861 2981 908 3034 bus
918 2993 943 3036 et
953 2983 1018 3036 baut
1034 2983 1125 3036 addere
1135 2984 1230 3054 diceet,
1242 3004 1275 3036 ne
1283 3004 1373 3052 repea-

304 3074 361 3136 post
373 3080 483 3134 pugnarn
504 3064 536 3114 sd
548 3059 768 3131 lbrasyrnenum,
788 3073 812 3113 et
861 3057 914 3108 tina
927 3059 964 3110 vis
976 3058 1063 3130 gandii
1074 3059 1156 3112 subito
1166 3073 1268 3134 aspectu
1277 3061 1372 3112 ineoaa·

304 3138 545 3212 spudAgeli.Neet.
556 3137 762 3192 assistente.
774 3139 811 3189 15.
860 3136 931 3188 medi
942 3136 1038 3207 aliquid
1048 3133 1165 3190 sdferret.
1176 3137 1269 3190 stent
1288 3143 1369 3190 Asto-

303 3220 371 3288 Quse
384 3228 485 3288 aceepto
497 3215 591 3270 uuneio
605 3215 636 3266 de
648 3227 728 3268 morte
745 3211 811 3266 blio'·
861 3212 917 3265 nius
937 3214 1024 3268 amieo
1041 3231 1092 3270 sust
1120 3214 1227 3268 nuncius
1244 3214 1363 3278 sesessit,

302 3295 437 3350 rumefade
451 3292 594 3359 Cannensi,
607 3312 685 3363 quum
699 3311 745 3345 nee
757 3291 811 3362 opi·
860 3289 902 3341 ssd
921 3289 1042 3343 obvoluto
1063 3289 1144 3362 eapite
1163 3307 1170 3340 ε
1187 3289 1255 3359 apud
1273 3291 1370 3342 Cicero

302 3383 362 3423 nato
371 3369 409 3422 ilfi
418 3369 551 3433 redissent,
563 3368 745 3440 nimiegaodio
756 3387 811 3420 esa·
859 3385 918 3420 neta
930 3369 1025 3443 Philip.
1035 3371 1061 3422 ΙΙ
1074 3381 1177 3423 eamn.
1189 3369 1291 3424 Setos.

238 3486 242 3495 .
303 3448 406 3500 nimatts
415 3457 481 3498 sunt.
492 3447 576 3511 Hine,
592 3447 683 3509 eredo,
697 3464 752 3498 mos
765 3445 809 3498 iile
892 3465 916 3498 s.
930 3447 1107 3502 calamitosis.
1124 3445 1178 3500 Atii
1187 3451 1367 3502 mlenitoses.

300 3524 407 3578 inolevit
417 3535 457 3588 ut,
473 3523 493 3574 si
511 3523 565 3590 quis
575 3541 676 3596 peregre
686 3536 743 3595 post
752 3521 809 3574 diu·
858 3521 945 3575 Codex
961 3523 1077 3595 antiquus
1091 3523 1158 3597 apud
1169 3523 1305 3580 Sebotturss
1317 3531 1369 3580 ele·

299 3610 398 3655 tornata
416 3599 553 3652 absentiam
579 3599 697 3664 redierit,
723 3598 813 3651 amieis
862 3606 982 3656 mitetur.

300 3679 423 3734 nuncium
436 3679 714 3750 adveutusprtensittat,
741 3677 814 3730 etiam
893 3679 918 3728 3.
939 3680 1070 3752 Corfinio
1095 3683 1263 3736 eonscients'oe.
1293 3682 1366 3734 fland

304 3755 812 3828 maritusnsori.TibullusEieg.l,111,89t
859 3752 935 3808 dubie
955 3755 1030 3809 verba
1047 3757 1099 3811 bret
1116 3769 1174 3809 sunt
1189 3757 1364 3828 magistratus,

299 3837 391 3888 aTuae
402 3833 506 3886 veniant
516 3832 608 3896 sabito,
621 3851 669 3885 nee
676 3833 808 3902 qnisquam
857 3843 901 3886 aut
911 3853 955 3905 pro
968 3833 1015 3888 itta
1031 3845 1096 3886 eerte
1105 3869 1114 3898 ,
1123 3851 1176 3886 non
1186 3845 1275 3886 eseam
1284 3835 1364 3887 iiim

302 3911 406 3965 nuntiet
416 3923 484 3978 ante,
494 3911 545 3968 Sed
555 3910 710 3984 videareaelo
719 3911 808 3962 missus
857 3911 908 3964 Hie
929 3911 997 3962 enim
1018 3909 1201 3964 confessionem
1229 3923 1321 3983 urget,
1338 3927 1362 3963 ae

229 3995 231 4002 ’
301 3991 386 4042 adesse
407 3988 488 4040 tibi.»
512 3988 639 4040 Plutarch.
659 3989 686 4039 in
713 3989 807 4057 Queat.
858 3999 976 4059 tanquam
987 3987 1018 4040 de
1029 3989 1143 4041 confessa
1160 3985 1312 4059 supplitium
1325 4007 1362 4039 ea·

302 4067 377 4118 Rom.
387 4085 419 4136 9,
431 4083 516 4118 eausas
525 4063 634 4117 reddidit
644 4101 651 4123 ,
663 4064 730 4124 sive,
742 4075 770 4114 nt
781 4082 806 4114 se
856 4066 892 4136 pit
911 4085 1016 4119 sumere.
1033 4067 1121 4120 Scribe
1142 4065 1220 4132 igitur
1238 4084 1246 4120 t
1262 4064 1365 4118 PARS

302 4142 448 4213 diligentius
465 4141 690 4213 preparsrstzsive
708 4160 755 4206 ne,
775 4139 805 4192 de
841 4142 1023 4196 ‘ALTERA
1048 4143 1181 4214 Cory'essfo
1204 4147 1363 4198 eorum

299 4219 417 4288 pudicitia
440 4218 492 4288 rjus
512 4219 645 4285 dubitans,
666 4217 803 4292 opprimere
855 4237 910 4273 vox
926 4230 971 4274 est.
987 4220 1123 4290 Confessio
1135 4224 1230 4285 meti,
1246 4231 1286 4283 et,
1303 4235 1360 4288 qne
