<?xml version="1.0" encoding="UTF-8"?>
<!DOCTYPE html PUBLIC "-//W3C//DTD XHTML 1.0 Transitional//EN"
    "http://www.w3.org/TR/xhtml1/DTD/xhtml1-transitional.dtd">
<html xmlns="http://www.w3.org/1999/xhtml" xml:lang="en" lang="en">
 <head>
  <title>
</title>
<meta http-equiv="Content-Type" content="text/html;charset=utf-8" />
  <meta name='ocr-system' content='tesseract 3.04.00' />
  <meta name='ocr-capabilities' content='ocr_page ocr_carea ocr_par ocr_line ocrx_word'/>
</head>
<body>
  <div class='ocr_page' id='page_1' title='image "./lannsenecparspr00bouigoog_0285.png"; bbox 0 0 2842 4812; ppageno 0'>
   <div class='ocr_carea' id='block_1_1' title="bbox 220 467 1122 561">
    <p class='ocr_par' dir='ltr' id='par_1_1' title="bbox 220 467 1122 561">
     <span class='ocr_line' id='line_1_1' title="bbox 220 467 1122 561; baseline -0.001 -21"><span class='ocrx_word' id='word_1_1' title='bbox 220 467 656 540; x_wconf 70' lang='lat' dir='ltr'><strong>comovnnsmtoct</strong></span> <span class='ocrx_word' id='word_1_2' title='bbox 678 469 760 536; x_wconf 78' lang='grc' dir='ltr'><strong>ΠΒ.</strong></span> <span class='ocrx_word' id='word_1_3' title='bbox 786 467 859 552; x_wconf 89' lang='lat'><strong>111,</strong></span> <span class='ocrx_word' id='word_1_4' title='bbox 888 489 939 557; x_wconf 85' lang='lat'><strong>¹7·</strong></span> <span class='ocrx_word' id='word_1_5' title='bbox 1058 472 1122 561; x_wconf 73' lang='lat'><strong>275</strong></span> 
     </span>
    </p>
   </div>
   <div class='ocr_carea' id='block_1_2' title="bbox 11 592 1183 4143">
    <p class='ocr_par' dir='ltr' id='par_1_2' title="bbox 75 592 1183 1385">
     <span class='ocr_line' id='line_1_2' title="bbox 115 592 1183 687; baseline 0.001 -23"><span class='ocrx_word' id='word_1_6' title='bbox 115 597 254 680; x_wconf 75' lang='lat' dir='ltr'>Honeste</span> <span class='ocrx_word' id='word_1_7' title='bbox 272 595 377 680; x_wconf 89' lang='lat' dir='ltr'><strong>dixit,</strong></span> <span class='ocrx_word' id='word_1_8' title='bbox 396 617 504 687; x_wconf 90' lang='lat' dir='ltr'><strong>quum</strong></span> <span class='ocrx_word' id='word_1_9' title='bbox 521 595 615 663; x_wconf 90' lang='lat' dir='ltr'><strong>hunc</strong></span> <span class='ocrx_word' id='word_1_10' title='bbox 627 595 739 664; x_wconf 90' lang='lat' dir='ltr'><strong>locum</strong></span> <span class='ocrx_word' id='word_1_11' title='bbox 752 607 912 664; x_wconf 88' lang='lat' dir='ltr'><strong>tractaret</strong></span> <span class='ocrx_word' id='word_1_12' title='bbox 920 592 1042 662; x_wconf 74' lang='lat' dir='ltr'><strong>Votuin</strong></span> <span class='ocrx_word' id='word_1_13' title='bbox 1058 599 1129 668; x_wconf 85' lang='lat' dir='ltr'><strong>Gn·</strong></span> <span class='ocrx_word' id='word_1_14' title='bbox 1182 625 1183 628; x_wconf 42' lang='lat'>¹</span> 
     </span>
     <span class='ocr_line' id='line_1_3' title="bbox 75 711 1130 805; baseline 0.003 -25"><span class='ocrx_word' id='word_1_15' title='bbox 75 736 169 780; x_wconf 81' lang='lat' dir='ltr'><strong>xmus.</strong></span> <span class='ocrx_word' id='word_1_16' title='bbox 193 713 230 783; x_wconf 92' lang='lat' dir='ltr'><strong>Si</strong></span> <span class='ocrx_word' id='word_1_17' title='bbox 253 712 335 800; x_wconf 87' lang='lat' dir='ltr'><strong>illa,</strong></span> <span class='ocrx_word' id='word_1_18' title='bbox 363 712 495 804; x_wconf 89' lang='lat' dir='ltr'><strong>inquit,</strong></span> <span class='ocrx_word' id='word_1_19' title='bbox 519 726 671 805; x_wconf 90' lang='lat' dir='ltr'><strong>tempora</strong></span> <span class='ocrx_word' id='word_1_20' title='bbox 694 714 731 780; x_wconf 90' lang='lat' dir='ltr'><strong>in</strong></span> <span class='ocrx_word' id='word_1_21' title='bbox 758 714 888 781; x_wconf 85' lang='lat' dir='ltr'><strong>crimen</strong></span> <span class='ocrx_word' id='word_1_22' title='bbox 906 735 1022 798; x_wconf 84' lang='lat' dir='ltr'><strong>vocas,</strong></span> <span class='ocrx_word' id='word_1_23' title='bbox 1043 711 1130 782; x_wconf 92' lang='lat' dir='ltr'><strong>dicis</strong></span> 
     </span>
     <span class='ocr_line' id='line_1_4' title="bbox 76 826 1127 926; baseline 0.004 -30"><span class='ocrx_word' id='word_1_24' title='bbox 76 853 129 897; x_wconf 92' lang='lat' dir='ltr'><strong>oon</strong></span> <span class='ocrx_word' id='word_1_25' title='bbox 146 829 186 898; x_wconf 93' lang='lat' dir='ltr'><strong>de</strong></span> <span class='ocrx_word' id='word_1_26' title='bbox 201 829 375 912; x_wconf 89' lang='lat' dir='ltr'><strong>bominis,</strong></span> <span class='ocrx_word' id='word_1_27' title='bbox 396 826 457 898; x_wconf 88' lang='lat' dir='ltr'><strong>sed</strong></span> <span class='ocrx_word' id='word_1_28' title='bbox 473 828 516 897; x_wconf 87' lang='lat' dir='ltr'><strong>de</strong></span> <span class='ocrx_word' id='word_1_29' title='bbox 534 829 732 922; x_wconf 80' lang='lat' dir='ltr'><strong>reipublicae</strong></span> <span class='ocrx_word' id='word_1_30' title='bbox 754 830 917 926; x_wconf 87' lang='lat' dir='ltr'><strong>moribus.</strong></span> <span class='ocrx_word' id='word_1_31' title='bbox 939 830 975 899; x_wconf 90' lang='lat' dir='ltr'><strong>Si</strong></span> <span class='ocrx_word' id='word_1_32' title='bbox 993 847 1127 924; x_wconf 90' lang='lat' dir='ltr'><strong>potest,</strong></span> 
     </span>
     <span class='ocr_line' id='line_1_5' title="bbox 76 944 1131 1040; baseline 0.006 -29"><span class='ocrx_word' id='word_1_33' title='bbox 76 944 151 1040; x_wconf 93' lang='lat' dir='ltr'><strong>qood</strong></span> <span class='ocrx_word' id='word_1_34' title='bbox 173 945 267 1014; x_wconf 84' lang='lat' dir='ltr'><strong>civili</strong></span> <span class='ocrx_word' id='word_1_35' title='bbox 294 945 385 1013; x_wconf 93' lang='lat' dir='ltr'><strong>bello</strong></span> <span class='ocrx_word' id='word_1_36' title='bbox 409 961 522 1012; x_wconf 90' lang='lat' dir='ltr'><strong>actum</strong></span> <span class='ocrx_word' id='word_1_37' title='bbox 541 959 612 1029; x_wconf 89' lang='lat' dir='ltr'><strong>est,</strong></span> <span class='ocrx_word' id='word_1_38' title='bbox 632 944 754 1038; x_wconf 89' lang='lat' dir='ltr'><strong>objici,</strong></span> <span class='ocrx_word' id='word_1_39' title='bbox 775 969 820 1013; x_wconf 90' lang='lat' dir='ltr'><strong>an</strong></span> <span class='ocrx_word' id='word_1_40' title='bbox 844 946 918 1014; x_wconf 81' lang='lat' dir='ltr'><strong>haec</strong></span> <span class='ocrx_word' id='word_1_41' title='bbox 943 945 1047 1040; x_wconf 90' lang='lat' dir='ltr'><strong>objici</strong></span> <span class='ocrx_word' id='word_1_42' title='bbox 1070 949 1131 1017; x_wconf 90' lang='lat' dir='ltr'><strong>de·</strong></span> 
     </span>
     <span class='ocr_line' id='line_1_6' title="bbox 75 1058 1131 1154; baseline 0.004 -26"><span class='ocrx_word' id='word_1_43' title='bbox 75 1058 161 1128; x_wconf 81' lang='lat' dir='ltr'><strong>boant</strong></span> <span class='ocrx_word' id='word_1_44' title='bbox 175 1063 190 1128; x_wconf 73' lang='grc' dir='ltr'>Ρ</span> <span class='ocrx_word' id='word_1_45' title='bbox 203 1063 301 1130; x_wconf 87' lang='lat' dir='ltr'><strong>Hanc</strong></span> <span class='ocrx_word' id='word_1_46' title='bbox 328 1061 548 1154; x_wconf 73' lang='lat' dir='ltr'><strong>quaestionem</strong></span> <span class='ocrx_word' id='word_1_47' title='bbox 575 1061 611 1126; x_wconf 91' lang='lat' dir='ltr'><strong>in</strong></span> <span class='ocrx_word' id='word_1_48' title='bbox 632 1060 691 1128; x_wconf 91' lang='lat' dir='ltr'><strong>illa</strong></span> <span class='ocrx_word' id='word_1_49' title='bbox 712 1061 829 1129; x_wconf 81' lang='lat' dir='ltr'><strong>divisit</strong></span> <span class='ocrx_word' id='word_1_50' title='bbox 851 1062 948 1143; x_wconf 83' lang='lat' dir='ltr'><strong>:An,</strong></span> <span class='ocrx_word' id='word_1_51' title='bbox 974 1063 1074 1132; x_wconf 91' lang='lat' dir='ltr'><strong>etiam</strong></span> <span class='ocrx_word' id='word_1_52' title='bbox 1102 1067 1131 1132; x_wconf 90' lang='lat' dir='ltr'><strong>si</strong></span> 
     </span>
     <span class='ocr_line' id='line_1_7' title="bbox 76 1177 1132 1271; baseline 0.005 -27"><span class='ocrx_word' id='word_1_53' title='bbox 76 1199 194 1246; x_wconf 86' lang='lat' dir='ltr'><strong>neccsse</strong></span> <span class='ocrx_word' id='word_1_54' title='bbox 211 1179 245 1246; x_wconf 94' lang='lat' dir='ltr'><strong>ei</strong></span> <span class='ocrx_word' id='word_1_55' title='bbox 268 1178 333 1245; x_wconf 88' lang='lat' dir='ltr'><strong>fuit</strong></span> <span class='ocrx_word' id='word_1_56' title='bbox 354 1177 488 1259; x_wconf 81' lang='lat' dir='ltr'><strong>lacere,</strong></span> <span class='ocrx_word' id='word_1_57' title='bbox 505 1197 573 1244; x_wconf 90' lang='lat' dir='ltr'><strong>non</strong></span> <span class='ocrx_word' id='word_1_58' title='bbox 599 1179 643 1244; x_wconf 93' lang='lat' dir='ltr'><strong>sit</strong></span> <span class='ocrx_word' id='word_1_59' title='bbox 669 1193 782 1246; x_wconf 89' lang='lat' dir='ltr'><strong>tamen</strong></span> <span class='ocrx_word' id='word_1_60' title='bbox 804 1177 1070 1271; x_wconf 76' lang='lat' dir='ltr'><strong>ignoscendum?</strong></span> <span class='ocrx_word' id='word_1_61' title='bbox 1087 1179 1132 1249; x_wconf 94' lang='lat' dir='ltr'><strong>ad</strong></span> 
     </span>
     <span class='ocr_line' id='line_1_8' title="bbox 76 1289 980 1385; baseline 0.001 -26"><span class='ocrx_word' id='word_1_62' title='bbox 76 1289 207 1384; x_wconf 80' lang='lat' dir='ltr'><strong>quadam</strong></span> <span class='ocrx_word' id='word_1_63' title='bbox 224 1291 325 1360; x_wconf 86' lang='lat' dir='ltr'><strong>enim.</strong></span> <span class='ocrx_word' id='word_1_64' title='bbox 335 1291 429 1360; x_wconf 91' lang='lat' dir='ltr'><strong>nulla</strong></span> <span class='ocrx_word' id='word_1_65' title='bbox 444 1290 547 1359; x_wconf 88' lang='lat' dir='ltr'><strong>debet</strong></span> <span class='ocrx_word' id='word_1_66' title='bbox 566 1293 747 1358; x_wconf 75' lang='lat' dir='ltr'><strong>necessitas</strong></span> <span class='ocrx_word' id='word_1_67' title='bbox 762 1290 980 1385; x_wconf 86' lang='lat' dir='ltr'><strong>compellere.</strong></span> 
     </span>
    </p>

    <p class='ocr_par' dir='ltr' id='par_1_3' title="bbox 42 1405 1136 2056">
     <span class='ocr_line' id='line_1_9' title="bbox 42 1405 1133 1495; baseline 0.007 -21"><span class='ocrx_word' id='word_1_68' title='bbox 42 1479 44 1484; x_wconf 63' lang='grc'>,</span> <span class='ocrx_word' id='word_1_69' title='bbox 114 1408 273 1494; x_wconf 89' lang='lat' dir='ltr'><strong>lloclocc</strong></span> <span class='ocrx_word' id='word_1_70' title='bbox 290 1411 400 1475; x_wconf 78' lang='lat' dir='ltr'><strong>Larno</strong></span> <span class='ocrx_word' id='word_1_71' title='bbox 417 1405 504 1474; x_wconf 84' lang='lat' dir='ltr'><strong>dixit</strong></span> <span class='ocrx_word' id='word_1_72' title='bbox 525 1407 664 1474; x_wconf 87' lang='lat' dir='ltr'><strong>summis</strong></span> <span class='ocrx_word' id='word_1_73' title='bbox 680 1406 887 1476; x_wconf 87' lang='lat' dir='ltr'><strong>clamoribus</strong></span> <span class='ocrx_word' id='word_1_74' title='bbox 902 1435 909 1474; x_wconf 73' lang='grc' dir='ltr'>ε</span> <span class='ocrx_word' id='word_1_75' title='bbox 924 1411 976 1476; x_wconf 89' lang='lat' dir='ltr'><strong>Ita</strong></span> <span class='ocrx_word' id='word_1_76' title='bbox 992 1425 1047 1495; x_wconf 89' lang='lat' dir='ltr'><strong>tu,</strong></span> <span class='ocrx_word' id='word_1_77' title='bbox 1066 1414 1133 1482; x_wconf 90' lang='lat' dir='ltr'><strong>Po·</strong></span> 
     </span>
     <span class='ocr_line' id='line_1_10' title="bbox 77 1521 1135 1618; baseline 0.009 -29"><span class='ocrx_word' id='word_1_78' title='bbox 77 1522 142 1616; x_wconf 92' lang='lat' dir='ltr'><strong>pili,</strong></span> <span class='ocrx_word' id='word_1_79' title='bbox 156 1525 183 1592; x_wconf 87' lang='lat' dir='ltr'><strong>si</strong></span> <span class='ocrx_word' id='word_1_80' title='bbox 199 1521 372 1592; x_wconf 82' lang='lat' dir='ltr'><strong>Antonius</strong></span> <span class='ocrx_word' id='word_1_81' title='bbox 379 1523 553 1618; x_wconf 78' lang='lat' dir='ltr'><strong>jussisset,</strong></span> <span class='ocrx_word' id='word_1_82' title='bbox 569 1538 699 1616; x_wconf 88' lang='lat' dir='ltr'><strong>patrem</strong></span> <span class='ocrx_word' id='word_1_83' title='bbox 715 1537 808 1591; x_wconf 91' lang='lat' dir='ltr'><strong>tuum</strong></span> <span class='ocrx_word' id='word_1_84' title='bbox 823 1523 1020 1594; x_wconf 73' lang='lat' dir='ltr'><strong>occideres?</strong></span> <span class='ocrx_word' id='word_1_85' title='bbox 1031 1529 1135 1598; x_wconf 86' lang='lat' dir='ltr'><strong>Daia-</strong></span> 
     </span>
     <span class='ocr_line' id='line_1_11' title="bbox 78 1636 1134 1738; baseline 0.009 -34"><span class='ocrx_word' id='word_1_86' title='bbox 78 1636 123 1720; x_wconf 87' lang='lat' dir='ltr'><strong>de,</strong></span> <span class='ocrx_word' id='word_1_87' title='bbox 134 1662 175 1706; x_wconf 90' lang='lat' dir='ltr'><strong>an</strong></span> <span class='ocrx_word' id='word_1_88' title='bbox 187 1663 256 1708; x_wconf 89' lang='lat' dir='ltr'><strong>non</strong></span> <span class='ocrx_word' id='word_1_89' title='bbox 273 1639 377 1708; x_wconf 82' lang='lat' dir='ltr'><strong>luerit</strong></span> <span class='ocrx_word' id='word_1_90' title='bbox 390 1641 422 1708; x_wconf 91' lang='lat' dir='ltr'><strong>ci</strong></span> <span class='ocrx_word' id='word_1_91' title='bbox 435 1662 573 1708; x_wconf 85' lang='lat' dir='ltr'><strong>necesse</strong></span> <span class='ocrx_word' id='word_1_92' title='bbox 587 1639 751 1706; x_wconf 79' lang='lat' dir='ltr'><strong>:Potuisti</strong></span> <span class='ocrx_word' id='word_1_93' title='bbox 762 1663 921 1709; x_wconf 87' lang='lat' dir='ltr'><strong>excusare</strong></span> <span class='ocrx_word' id='word_1_94' title='bbox 931 1658 977 1726; x_wconf 89' lang='lat' dir='ltr'><strong>te,</strong></span> <span class='ocrx_word' id='word_1_95' title='bbox 995 1646 1134 1738; x_wconf 89' lang='lat' dir='ltr'><strong>potuisti</strong></span> 
     </span>
     <span class='ocr_line' id='line_1_12' title="bbox 77 1755 1135 1855; baseline 0.005 -32"><span class='ocrx_word' id='word_1_96' title='bbox 77 1758 265 1846; x_wconf 76' lang='lat' dir='ltr'><strong>premittere</strong></span> <span class='ocrx_word' id='word_1_97' title='bbox 294 1755 442 1847; x_wconf 84' lang='lat' dir='ltr'><strong>aliquem</strong></span> <span class='ocrx_word' id='word_1_98' title='bbox 468 1755 513 1822; x_wconf 92' lang='lat' dir='ltr'><strong>ad</strong></span> <span class='ocrx_word' id='word_1_99' title='bbox 536 1755 759 1838; x_wconf 85' lang='lat' dir='ltr'><strong>Ciceronem,</strong></span> <span class='ocrx_word' id='word_1_100' title='bbox 790 1772 830 1823; x_wconf 94' lang='lat' dir='ltr'><strong>nt</strong></span> <span class='ocrx_word' id='word_1_101' title='bbox 857 1758 959 1825; x_wconf 91' lang='lat' dir='ltr'><strong>sciret</strong></span> <span class='ocrx_word' id='word_1_102' title='bbox 979 1775 1013 1827; x_wconf 92' lang='lat' dir='ltr'><strong>et</strong></span> <span class='ocrx_word' id='word_1_103' title='bbox 1030 1761 1135 1855; x_wconf 84' lang='lat' dir='ltr'><strong>lugo-</strong></span> 
     </span>
     <span class='ocr_line' id='line_1_13' title="bbox 77 1869 1136 1972; baseline 0.008 -35"><span class='ocrx_word' id='word_1_104' title='bbox 77 1885 130 1938; x_wconf 86' lang='lat' dir='ltr'><strong>ret.</strong></span> <span class='ocrx_word' id='word_1_105' title='bbox 148 1873 293 1940; x_wconf 86' lang='lat' dir='ltr'><strong>Necesse</strong></span> <span class='ocrx_word' id='word_1_106' title='bbox 310 1884 403 1938; x_wconf 90' lang='lat' dir='ltr'><strong>certe</strong></span> <span class='ocrx_word' id='word_1_107' title='bbox 418 1893 488 1936; x_wconf 90' lang='lat' dir='ltr'><strong>non</strong></span> <span class='ocrx_word' id='word_1_108' title='bbox 507 1869 591 1954; x_wconf 83' lang='lat' dir='ltr'><strong>suit,</strong></span> <span class='ocrx_word' id='word_1_109' title='bbox 610 1892 746 1972; x_wconf 84' lang='lat' dir='ltr'><strong>manum</strong></span> <span class='ocrx_word' id='word_1_110' title='bbox 765 1887 935 1965; x_wconf 84' lang='lat' dir='ltr'><strong>caputque</strong></span> <span class='ocrx_word' id='word_1_111' title='bbox 951 1874 1136 1968; x_wconf 83' lang='lat' dir='ltr'><strong>praecidere</strong></span> 
     </span>
     <span class='ocr_line' id='line_1_14' title="bbox 78 2003 206 2056; baseline 0.016 -4"><span class='ocrx_word' id='word_1_112' title='bbox 78 2003 206 2056; x_wconf 86' lang='lat' dir='ltr'><strong>normo.</strong></span> 
     </span>
    </p>

    <p class='ocr_par' dir='ltr' id='par_1_4' title="bbox 11 2093 1138 2544">
     <span class='ocr_line' id='line_1_15' title="bbox 11 2093 1134 2200; baseline 0.003 -26"><span class='ocrx_word' id='word_1_113' title='bbox 11 2175 12 2184; x_wconf 63' lang='grc'>,</span> <span class='ocrx_word' id='word_1_114' title='bbox 116 2105 275 2175; x_wconf 89' lang='lat' dir='ltr'><strong>COLOR.</strong></span> <span class='ocrx_word' id='word_1_115' title='bbox 291 2104 448 2173; x_wconf 89' lang='lat' dir='ltr'><strong>Colorem</strong></span> <span class='ocrx_word' id='word_1_116' title='bbox 459 2125 523 2194; x_wconf 92' lang='lat' dir='ltr'><strong>pro</strong></span> <span class='ocrx_word' id='word_1_117' title='bbox 534 2101 669 2195; x_wconf 91' lang='lat' dir='ltr'><strong>Popilio</strong></span> <span class='ocrx_word' id='word_1_118' title='bbox 680 2093 791 2172; x_wconf 78' lang='lat' dir='ltr'><strong>Lamo</strong></span> <span class='ocrx_word' id='word_1_119' title='bbox 800 2106 986 2200; x_wconf 89' lang='lat' dir='ltr'><strong>simplicem</strong></span> <span class='ocrx_word' id='word_1_120' title='bbox 1000 2097 1134 2193; x_wconf 80' lang='lat' dir='ltr'><strong>h&#39;aboit,</strong></span> 
     </span>
     <span class='ocr_line' id='line_1_16' title="bbox 78 2218 1137 2306; baseline 0.011 -22"><span class='ocrx_word' id='word_1_121' title='bbox 78 2223 260 2291; x_wconf 76' lang='lat' dir='ltr'><strong>necestitate</strong></span> <span class='ocrx_word' id='word_1_122' title='bbox 280 2235 431 2290; x_wconf 91' lang='lat' dir='ltr'><strong>coactum</strong></span> <span class='ocrx_word' id='word_1_123' title='bbox 448 2218 587 2306; x_wconf 69' lang='lat' dir='ltr'><strong>fecisse,</strong></span> <span class='ocrx_word' id='word_1_124' title='bbox 603 2234 638 2286; x_wconf 89' lang='lat' dir='ltr'><strong>et</strong></span> <span class='ocrx_word' id='word_1_125' title='bbox 651 2219 718 2288; x_wconf 89' lang='lat' dir='ltr'><strong>boc</strong></span> <span class='ocrx_word' id='word_1_126' title='bbox 735 2220 808 2290; x_wconf 92' lang='lat' dir='ltr'><strong>loco</strong></span> <span class='ocrx_word' id='word_1_127' title='bbox 825 2221 916 2291; x_wconf 89' lang='lat' dir='ltr'><strong>illam</strong></span> <span class='ocrx_word' id='word_1_128' title='bbox 934 2227 1137 2296; x_wconf 85' lang='lat' dir='ltr'><strong>sententiam</strong></span> 
     </span>
     <span class='ocr_line' id='line_1_17' title="bbox 11 2332 1138 2432; baseline 0.011 -31"><span class='ocrx_word' id='word_1_129' title='bbox 11 2377 12 2380; x_wconf 59' lang='lat'><em>=</em></span> <span class='ocrx_word' id='word_1_130' title='bbox 78 2332 149 2403; x_wconf 78' lang='lat' dir='ltr'><strong>dixit</strong></span> <span class='ocrx_word' id='word_1_131' title='bbox 165 2365 174 2406; x_wconf 80' lang='lat' dir='ltr'><strong>t</strong></span> <span class='ocrx_word' id='word_1_132' title='bbox 189 2338 350 2418; x_wconf 91' lang='lat' dir='ltr'><strong>Miraris,</strong></span> <span class='ocrx_word' id='word_1_133' title='bbox 372 2337 400 2404; x_wconf 84' lang='lat' dir='ltr'><strong>si</strong></span> <span class='ocrx_word' id='word_1_134' title='bbox 419 2359 460 2404; x_wconf 95' lang='lat' dir='ltr'><strong>eo</strong></span> <span class='ocrx_word' id='word_1_135' title='bbox 480 2351 634 2428; x_wconf 87' lang='lat' dir='ltr'><strong>tempore</strong></span> <span class='ocrx_word' id='word_1_136' title='bbox 653 2359 793 2406; x_wconf 86' lang='lat' dir='ltr'><strong>necesse</strong></span> <span class='ocrx_word' id='word_1_137' title='bbox 808 2339 872 2407; x_wconf 85' lang='lat' dir='ltr'><strong>fuit</strong></span> <span class='ocrx_word' id='word_1_138' title='bbox 890 2341 1023 2432; x_wconf 90' lang='lat' dir='ltr'><strong>Popilio</strong></span> <span class='ocrx_word' id='word_1_139' title='bbox 1041 2345 1138 2413; x_wconf 91' lang='lat' dir='ltr'><strong>coci-</strong></span> 
     </span>
     <span class='ocr_line' id='line_1_18' title="bbox 11 2435 807 2544; baseline 0.003 -26"><span class='ocrx_word' id='word_1_140' title='bbox 11 2441 12 2444; x_wconf 25' lang='lat'><em>*</em></span> <span class='ocrx_word' id='word_1_141' title='bbox 79 2447 165 2536; x_wconf 89' lang='lat' dir='ltr'><strong>dere,</strong></span> <span class='ocrx_word' id='word_1_142' title='bbox 185 2477 255 2544; x_wconf 86' lang='lat' dir='ltr'><strong>quo</strong></span> <span class='ocrx_word' id='word_1_143' title='bbox 277 2453 435 2522; x_wconf 89' lang='lat' dir='ltr'><strong>Ciceroni</strong></span> <span class='ocrx_word' id='word_1_144' title='bbox 449 2453 562 2520; x_wconf 79' lang='lat' dir='ltr'><strong>mori?</strong></span> <span class='ocrx_word' id='word_1_145' title='bbox 803 2435 807 2442; x_wconf 48' lang='grc'>’</span> 
     </span>
    </p>

    <p class='ocr_par' dir='ltr' id='par_1_5' title="bbox 11 2565 1141 3005">
     <span class='ocr_line' id='line_1_19' title="bbox 11 2565 1141 2661; baseline 0.006 -26"><span class='ocrx_word' id='word_1_146' title='bbox 11 2619 12 2624; x_wconf 34' lang='lat'>1</span> <span class='ocrx_word' id='word_1_147' title='bbox 118 2565 277 2636; x_wconf 80' lang='lat' dir='ltr'><strong>dmorros</strong></span> <span class='ocrx_word' id='word_1_148' title='bbox 292 2565 394 2650; x_wconf 85' lang='lat' dir='ltr'><strong>dixit,</strong></span> <span class='ocrx_word' id='word_1_149' title='bbox 412 2569 449 2636; x_wconf 93' lang='lat' dir='ltr'><strong>in</strong></span> <span class='ocrx_word' id='word_1_150' title='bbox 462 2590 595 2661; x_wconf 86' lang='lat' dir='ltr'><strong>poenam</strong></span> <span class='ocrx_word' id='word_1_151' title='bbox 608 2569 788 2637; x_wconf 79' lang='lat' dir='ltr'><strong>Ciceronis</strong></span> <span class='ocrx_word' id='word_1_152' title='bbox 807 2567 952 2637; x_wconf 86' lang='lat' dir='ltr'><strong>electum</strong></span> <span class='ocrx_word' id='word_1_153' title='bbox 970 2575 1141 2642; x_wconf 86' lang='lat' dir='ltr'><strong>amicissi-</strong></span> 
     </span>
     <span class='ocr_line' id='line_1_20' title="bbox 78 2681 1138 2777; baseline 0.009 -30"><span class='ocrx_word' id='word_1_154' title='bbox 78 2703 155 2748; x_wconf 86' lang='lat' dir='ltr'><strong>mum</strong></span> <span class='ocrx_word' id='word_1_155' title='bbox 178 2683 382 2768; x_wconf 86' lang='lat' dir='ltr'><strong>Ciceronis,</strong></span> <span class='ocrx_word' id='word_1_156' title='bbox 404 2683 500 2775; x_wconf 85' lang='lat' dir='ltr'><strong>quasi</strong></span> <span class='ocrx_word' id='word_1_157' title='bbox 521 2681 787 2777; x_wconf 84' lang='lat' dir='ltr'><strong>exprobraturus</strong></span> <span class='ocrx_word' id='word_1_158' title='bbox 805 2705 869 2774; x_wconf 89' lang='lat' dir='ltr'><strong>per</strong></span> <span class='ocrx_word' id='word_1_159' title='bbox 883 2683 950 2752; x_wconf 90' lang='lat' dir='ltr'><strong>boo</strong></span> <span class='ocrx_word' id='word_1_160' title='bbox 966 2682 1019 2752; x_wconf 94' lang='lat' dir='ltr'><strong>illi</strong></span> <span class='ocrx_word' id='word_1_161' title='bbox 1043 2709 1138 2756; x_wconf 90' lang='lat' dir='ltr'><strong>suam</strong></span> 
     </span>
     <span class='ocr_line' id='line_1_21' title="bbox 79 2790 1138 2894; baseline 0.012 -38"><span class='ocrx_word' id='word_1_162' title='bbox 79 2790 232 2864; x_wconf 84' lang='lat' dir='ltr'><strong>fortunam</strong></span> <span class='ocrx_word' id='word_1_163' title='bbox 251 2811 357 2882; x_wconf 82' lang='lat' dir='ltr'><strong>esset.</strong></span> <span class='ocrx_word' id='word_1_164' title='bbox 379 2795 573 2878; x_wconf 79' lang='lat' dir='ltr'><strong>Molestius,</strong></span> <span class='ocrx_word' id='word_1_165' title='bbox 600 2796 715 2888; x_wconf 90' lang='lat' dir='ltr'><strong>inquit</strong></span> <span class='ocrx_word' id='word_1_166' title='bbox 726 2845 737 2883; x_wconf 91' lang='lat'><strong>,</strong></span> <span class='ocrx_word' id='word_1_167' title='bbox 760 2795 868 2879; x_wconf 83' lang='lat' dir='ltr'><strong>feret,</strong></span> <span class='ocrx_word' id='word_1_168' title='bbox 900 2819 936 2864; x_wconf 91' lang='lat' dir='ltr'><strong>se</strong></span> <span class='ocrx_word' id='word_1_169' title='bbox 958 2821 980 2866; x_wconf 90' lang='lat' dir='ltr'><strong>a</strong></span> <span class='ocrx_word' id='word_1_170' title='bbox 1006 2800 1138 2894; x_wconf 91' lang='lat' dir='ltr'><strong>Popilio</strong></span> 
     </span>
     <span class='ocr_line' id='line_1_22' title="bbox 79 2909 457 3005; baseline 0.008 -28"><span class='ocrx_word' id='word_1_171' title='bbox 79 2909 190 2995; x_wconf 87' lang='lat' dir='ltr'><strong>occidi,</strong></span> <span class='ocrx_word' id='word_1_172' title='bbox 212 2935 318 3005; x_wconf 89' lang='lat' dir='ltr'><strong>qnam</strong></span> <span class='ocrx_word' id='word_1_173' title='bbox 334 2911 457 2980; x_wconf 91' lang='lat' dir='ltr'><strong>occidi.</strong></span> 
     </span>
    </p>

    <p class='ocr_par' dir='ltr' id='par_1_6' title="bbox 11 3027 1146 4143">
     <span class='ocr_line' id='line_1_23' title="bbox 118 3027 1137 3104; baseline 0.008 -8"><span class='ocrx_word' id='word_1_174' title='bbox 118 3030 312 3100; x_wconf 75' lang='lat' dir='ltr'><strong>Mancanms</strong></span> <span class='ocrx_word' id='word_1_175' title='bbox 328 3031 511 3097; x_wconf 60' lang='lat' dir='ltr'><strong>&amp;curuos</strong></span> <span class='ocrx_word' id='word_1_176' title='bbox 530 3027 685 3098; x_wconf 90' lang='lat' dir='ltr'><strong>eumdem</strong></span> <span class='ocrx_word' id='word_1_177' title='bbox 702 3029 850 3100; x_wconf 88' lang='lat' dir='ltr'><strong>colorem</strong></span> <span class='ocrx_word' id='word_1_178' title='bbox 865 3031 965 3100; x_wconf 84' lang='lat' dir='ltr'><strong>aliter</strong></span> <span class='ocrx_word' id='word_1_179' title='bbox 979 3030 1137 3104; x_wconf 86' lang='lat' dir='ltr'><strong>induxit:</strong></span> 
     </span>
     <span class='ocr_line' id='line_1_24' title="bbox 80 3141 1140 3239; baseline 0.009 -30"><span class='ocrx_word' id='word_1_180' title='bbox 80 3141 269 3234; x_wconf 71' lang='lat' dir='ltr'><strong>cogitabat,</strong></span> <span class='ocrx_word' id='word_1_181' title='bbox 300 3145 437 3236; x_wconf 88' lang='lat' dir='ltr'><strong>inquit,</strong></span> <span class='ocrx_word' id='word_1_182' title='bbox 472 3141 640 3214; x_wconf 82' lang='lat' dir='ltr'><strong>Antonius</strong></span> <span class='ocrx_word' id='word_1_183' title='bbox 668 3169 782 3215; x_wconf 87' lang='lat' dir='ltr'><strong>secum</strong></span> <span class='ocrx_word' id='word_1_184' title='bbox 812 3174 821 3216; x_wconf 88' lang='lat'>:</span> <span class='ocrx_word' id='word_1_185' title='bbox 849 3146 954 3239; x_wconf 90' lang='lat' dir='ltr'><strong>Quod</strong></span> <span class='ocrx_word' id='word_1_186' title='bbox 980 3149 1140 3220; x_wconf 90' lang='lat' dir='ltr'><strong>Ciceroni</strong></span> 
     </span>
     <span class='ocr_line' id='line_1_25' title="bbox 81 3260 1141 3356; baseline 0.008 -32"><span class='ocrx_word' id='word_1_187' title='bbox 81 3260 269 3354; x_wconf 77' lang='lat' dir='ltr'><strong>excogitabo</strong></span> <span class='ocrx_word' id='word_1_188' title='bbox 287 3260 516 3354; x_wconf 77' lang='lat' dir='ltr'><strong>supplicium?</strong></span> <span class='ocrx_word' id='word_1_189' title='bbox 532 3260 655 3330; x_wconf 88' lang='lat' dir='ltr'><strong>Occidi</strong></span> <span class='ocrx_word' id='word_1_190' title='bbox 667 3263 827 3355; x_wconf 80' lang='lat' dir='ltr'><strong>jussero?</strong></span> <span class='ocrx_word' id='word_1_191' title='bbox 841 3262 921 3330; x_wconf 91' lang='lat' dir='ltr'><strong>olim</strong></span> <span class='ocrx_word' id='word_1_192' title='bbox 933 3266 1004 3356; x_wconf 87' lang='lat' dir='ltr'><strong>jam</strong></span> <span class='ocrx_word' id='word_1_193' title='bbox 1017 3261 1141 3335; x_wconf 89' lang='lat' dir='ltr'><strong>adver·</strong></span> 
     </span>
     <span class='ocr_line' id='line_1_26' title="bbox 81 3375 1141 3451; baseline 0.009 -11"><span class='ocrx_word' id='word_1_194' title='bbox 81 3393 128 3441; x_wconf 84' lang='lat' dir='ltr'><strong>tos</strong></span> <span class='ocrx_word' id='word_1_195' title='bbox 147 3375 239 3446; x_wconf 89' lang='lat' dir='ltr'><strong>bunc</strong></span> <span class='ocrx_word' id='word_1_196' title='bbox 268 3392 393 3445; x_wconf 90' lang='lat' dir='ltr'><strong>metum</strong></span> <span class='ocrx_word' id='word_1_197' title='bbox 422 3376 589 3444; x_wconf 78' lang='lat' dir='ltr'><strong>emunivit</strong></span> <span class='ocrx_word' id='word_1_198' title='bbox 616 3377 780 3444; x_wconf 91' lang='lat' dir='ltr'><strong>animum.</strong></span> <span class='ocrx_word' id='word_1_199' title='bbox 812 3377 883 3445; x_wconf 89' lang='lat' dir='ltr'><strong>Scit</strong></span> <span class='ocrx_word' id='word_1_200' title='bbox 908 3394 1050 3448; x_wconf 90' lang='lat' dir='ltr'><strong>mortem</strong></span> <span class='ocrx_word' id='word_1_201' title='bbox 1076 3405 1141 3451; x_wconf 90' lang='lat' dir='ltr'><strong>nec</strong></span> 
     </span>
     <span class='ocr_line' id='line_1_27' title="bbox 83 3475 1143 3586; baseline 0.012 -34"><span class='ocrx_word' id='word_1_202' title='bbox 83 3475 285 3561; x_wconf 84' lang='lat' dir='ltr'><strong>immaturam</strong></span> <span class='ocrx_word' id='word_1_203' title='bbox 303 3504 395 3560; x_wconf 87' lang='lat' dir='ltr'><strong>essc¹</strong></span> <span class='ocrx_word' id='word_1_204' title='bbox 415 3490 609 3578; x_wconf 88' lang='lat' dir='ltr'><strong>consulari,</strong></span> <span class='ocrx_word' id='word_1_205' title='bbox 629 3515 694 3562; x_wconf 89' lang='lat' dir='ltr'><strong>uec</strong></span> <span class='ocrx_word' id='word_1_206' title='bbox 712 3492 868 3560; x_wconf 86' lang='lat' dir='ltr'><strong>miseram</strong></span> <span class='ocrx_word' id='word_1_207' title='bbox 890 3495 1062 3586; x_wconf 73' lang='lat' dir='ltr'><strong>sapientis</strong></span> <span class='ocrx_word' id='word_1_208' title='bbox 1083 3497 1143 3565; x_wconf 88' lang='lat' dir='ltr'><strong>liat</strong></span> 
     </span>
     <span class='ocr_line' id='line_1_28' title="bbox 82 3601 1141 3702; baseline 0.012 -33"><span class='ocrx_word' id='word_1_209' title='bbox 82 3601 199 3698; x_wconf 91' lang='lat' dir='ltr'><strong>aliquid</strong></span> <span class='ocrx_word' id='word_1_210' title='bbox 216 3609 300 3676; x_wconf 85' lang='lat' dir='ltr'><strong>nori</strong></span> <span class='ocrx_word' id='word_1_211' title='bbox 317 3608 410 3700; x_wconf 91' lang='lat' dir='ltr'><strong>quod</strong></span> <span class='ocrx_word' id='word_1_212' title='bbox 433 3632 502 3676; x_wconf 88' lang='lat' dir='ltr'><strong>non</strong></span> <span class='ocrx_word' id='word_1_213' title='bbox 529 3623 714 3702; x_wconf 89' lang='lat' dir='ltr'><strong>exspectat,</strong></span> <span class='ocrx_word' id='word_1_214' title='bbox 736 3607 828 3700; x_wconf 87' lang='lat' dir='ltr'><strong>quod</strong></span> <span class='ocrx_word' id='word_1_215' title='bbox 847 3633 917 3680; x_wconf 87' lang='lat' dir='ltr'><strong>non</strong></span> <span class='ocrx_word' id='word_1_216' title='bbox 934 3609 1031 3680; x_wconf 73' lang='lat' dir='ltr'><strong>tim0t</strong></span> <span class='ocrx_word' id='word_1_217' title='bbox 1047 3639 1055 3682; x_wconf 84' lang='lat' dir='ltr'><strong>t</strong></span> <span class='ocrx_word' id='word_1_218' title='bbox 1070 3637 1141 3682; x_wconf 90' lang='lat' dir='ltr'><strong>non</strong></span> 
     </span>
     <span class='ocr_line' id='line_1_29' title="bbox 11 3719 1142 3821; baseline 0.011 -36"><span class='ocrx_word' id='word_1_219' title='bbox 11 3763 12 3768; x_wconf 22' lang='grc' dir='ltr'><strong>κ</strong></span> <span class='ocrx_word' id='word_1_220' title='bbox 84 3719 307 3815; x_wconf 77' lang='lat' dir='ltr'><strong>indignabitur</strong></span> <span class='ocrx_word' id='word_1_221' title='bbox 334 3725 502 3793; x_wconf 79' lang='lat' dir='ltr'><strong>cervicem</strong></span> <span class='ocrx_word' id='word_1_222' title='bbox 530 3723 620 3793; x_wconf 90' lang='lat' dir='ltr'><strong>hosti</strong></span> <span class='ocrx_word' id='word_1_223' title='bbox 650 3727 850 3819; x_wconf 87' lang='lat' dir='ltr'><strong>porrigere²</strong></span> <span class='ocrx_word' id='word_1_224' title='bbox 862 3777 873 3812; x_wconf 89' lang='lat'><strong>,</strong></span> <span class='ocrx_word' id='word_1_225' title='bbox 906 3726 1142 3821; x_wconf 73' lang='lat' dir='ltr'><strong>indignabitur</strong></span> 
     </span>
     <span class='ocr_line' id='line_1_30' title="bbox 84 3912 1143 3988; baseline 0.008 -26"><span class='ocrx_word' id='word_1_226' title='bbox 84 3913 201 3968; x_wconf 81' lang='lat' dir='ltr'><strong>ttaoerint</strong></span> <span class='ocrx_word' id='word_1_227' title='bbox 213 3912 393 3988; x_wconf 81' lang='lat' dir='ltr'><strong>longissimum</strong></span> <span class='ocrx_word' id='word_1_228' title='bbox 407 3933 450 3986; x_wconf 81' lang='lat' dir='ltr'><strong>ptr</strong></span> <span class='ocrx_word' id='word_1_229' title='bbox 466 3926 581 3984; x_wconf 82' lang='lat' dir='ltr'><strong>tempos,</strong></span> <span class='ocrx_word' id='word_1_230' title='bbox 624 3933 630 3943; x_wconf 93' lang='lat'>·</span> <span class='ocrx_word' id='word_1_231' title='bbox 666 3934 690 3965; x_wconf 79' lang='lat' dir='ltr'><strong>n.</strong></span> <span class='ocrx_word' id='word_1_232' title='bbox 704 3916 832 3968; x_wconf 79' lang='lat' dir='ltr'><strong>Cervicem</strong></span> <span class='ocrx_word' id='word_1_233' title='bbox 843 3915 912 3968; x_wconf 79' lang='lat' dir='ltr'><strong>hosti</strong></span> <span class='ocrx_word' id='word_1_234' title='bbox 917 3919 1053 3986; x_wconf 59' lang='lat' dir='ltr'><strong>porrigere.</strong></span> <span class='ocrx_word' id='word_1_235' title='bbox 1064 3917 1143 3971; x_wconf 80' lang='lat' dir='ltr'><strong>Doc-</strong></span> 
     </span>
     <span class='ocr_line' id='line_1_31' title="bbox 84 3987 1145 4064; baseline 0.009 -26"><span class='ocrx_word' id='word_1_236' title='bbox 84 3987 122 4057; x_wconf 84' lang='lat' dir='ltr'><strong>qoi</strong></span> <span class='ocrx_word' id='word_1_237' title='bbox 139 3990 312 4064; x_wconf 84' lang='lat' dir='ltr'><strong>proscriptioni</strong></span> <span class='ocrx_word' id='word_1_238' title='bbox 330 3991 584 4045; x_wconf 78' lang='lat' dir='ltr'><strong>accommodaverant</strong></span> <span class='ocrx_word' id='word_1_239' title='bbox 633 3991 1145 4064; x_wconf 70' lang='lat' dir='ltr'><strong>rumavicumusocrtficiorom,qoeeer·</strong></span> 
     </span>
     <span class='ocr_line' id='line_1_32' title="bbox 85 4067 1146 4143; baseline 0.009 -26"><span class='ocrx_word' id='word_1_240' title='bbox 85 4067 374 4124; x_wconf 70' lang='lat' dir='ltr'><strong>anctoritatemSclualt.</strong></span> <span class='ocrx_word' id='word_1_241' title='bbox 546 4102 549 4109; x_wconf 91' lang='lat'>·</span> <span class='ocrx_word' id='word_1_242' title='bbox 632 4068 715 4122; x_wconf 81' lang='lat' dir='ltr'><strong>vitem</strong></span> <span class='ocrx_word' id='word_1_243' title='bbox 733 4070 846 4143; x_wconf 79' lang='lat' dir='ltr'><strong>praebere</strong></span> <span class='ocrx_word' id='word_1_244' title='bbox 864 4069 1019 4123; x_wconf 81' lang='lat' dir='ltr'><strong>dicabantur.</strong></span> <span class='ocrx_word' id='word_1_245' title='bbox 1034 4073 1146 4128; x_wconf 77' lang='lat' dir='ltr'><strong>Narrant</strong></span> 
     </span>
    </p>
   </div>
   <div class='ocr_carea' id='block_1_3' title="bbox 89 4145 1146 4302">
    <p class='ocr_par' dir='ltr' id='par_1_7' title="bbox 89 4145 1146 4302">
     <span class='ocr_line' id='line_1_33' title="bbox 116 4145 1146 4219; baseline 0.007 -23"><span class='ocrx_word' id='word_1_246' title='bbox 116 4145 265 4202; x_wconf 68' lang='lat' dir='ltr'><strong>adferrem</strong></span> <span class='ocrx_word' id='word_1_247' title='bbox 283 4165 327 4202; x_wconf 84' lang='lat' dir='ltr'><strong>nec</strong></span> <span class='ocrx_word' id='word_1_248' title='bbox 347 4152 527 4201; x_wconf 83' lang='lat' dir='ltr'><strong>immaturam.</strong></span> <span class='ocrx_word' id='word_1_249' title='bbox 547 4147 585 4201; x_wconf 81' lang='lat' dir='ltr'><strong>Ex</strong></span> <span class='ocrx_word' id='word_1_250' title='bbox 634 4147 716 4219; x_wconf 80' lang='lat' dir='ltr'><strong>reipsa</strong></span> <span class='ocrx_word' id='word_1_251' title='bbox 728 4145 840 4201; x_wconf 85' lang='lat' dir='ltr'><strong>historici</strong></span> <span class='ocrx_word' id='word_1_252' title='bbox 848 4146 963 4216; x_wconf 85' lang='lat' dir='ltr'><strong>Tullium</strong></span> <span class='ocrx_word' id='word_1_253' title='bbox 971 4147 1093 4203; x_wconf 79' lang='lat' dir='ltr'><strong>cervicem</strong></span> <span class='ocrx_word' id='word_1_254' title='bbox 1102 4155 1146 4203; x_wconf 71' lang='grc' dir='ltr'><strong>αι’·</strong></span> 
     </span>
     <span class='ocr_line' id='line_1_34' title="bbox 89 4217 1146 4302; baseline 0.003 -26"><span class='ocrx_word' id='word_1_255' title='bbox 89 4217 228 4280; x_wconf 68' lang='lat' dir='ltr'><strong>Potitianis</strong></span> <span class='ocrx_word' id='word_1_256' title='bbox 239 4227 289 4295; x_wconf 77' lang='grc' dir='ltr'><strong>Π,</strong></span> <span class='ocrx_word' id='word_1_257' title='bbox 300 4239 325 4280; x_wconf 84' lang='lat' dir='ltr'><strong>et</strong></span> <span class='ocrx_word' id='word_1_258' title='bbox 335 4225 428 4302; x_wconf 82' lang='lat' dir='ltr'><strong>Philip.</strong></span> <span class='ocrx_word' id='word_1_259' title='bbox 438 4227 471 4280; x_wconf 87' lang='lat' dir='ltr'><strong>ll.</strong></span> <span class='ocrx_word' id='word_1_260' title='bbox 482 4225 585 4280; x_wconf 80' lang='lat' dir='ltr'><strong>Sobctt.</strong></span> <span class='ocrx_word' id='word_1_261' title='bbox 636 4237 672 4280; x_wconf 89' lang='lat' dir='ltr'><strong>tra</strong></span> <span class='ocrx_word' id='word_1_262' title='bbox 683 4225 798 4281; x_wconf 84' lang='lat' dir='ltr'><strong>lecticam</strong></span> <span class='ocrx_word' id='word_1_263' title='bbox 807 4225 902 4280; x_wconf 84' lang='lat' dir='ltr'><strong>sicariis</strong></span> <span class='ocrx_word' id='word_1_264' title='bbox 909 4224 1146 4281; x_wconf 64' lang='lat' dir='ltr'><strong>obtulissettctoo.</strong></span> 
     </span>
    </p>
   </div>
   <div class='ocr_carea' id='block_1_4' title="bbox 0 0 1441 4812">
    <p class='ocr_par' dir='ltr' id='par_1_8' title="bbox 0 0 1441 4812">
     <span class='ocr_line' id='line_1_35' title="bbox 0 0 1441 4812; baseline 0 0"><span class='ocrx_word' id='word_1_265' title='bbox 0 0 1441 4812; x_wconf 95' lang='lat' dir='ltr'><strong> </strong></span> 
     </span>
    </p>
   </div>
  </div>
 </body>
</html>
