2842 4812
294 405 359 470 slis
523 443 550 469 -.
603 407 651 472 Μ.
688 401 833 471 ANNAEl
856 402 1063 472 sursum

339 533 478 600 Ausum
496 533 595 602 Fusci
608 556 730 600 rimis.
746 529 852 612 Mihi,
877 529 1011 620 inquit,
1028 531 1142 622 paravi
1161 535 1361 616 venenum,

291 668 335 712 nc
352 645 430 738 quis
447 642 580 716 dubitet
595 667 640 712 sn
658 643 764 713 ulium
782 645 886 736 possit
900 642 1068 712 occidere.

338 764 430 830 Jmur
443 761 592 828 Ornosu
603 782 726 828 rimu.
743 761 835 829 Reus
859 775 911 828 est
924 759 1124 853 parricidii,
1144 761 1205 852 qui
1231 761 1363 831 mavult

289 877 394 957 mori,
412 897 512 972 quam
529 889 658 966 patrem
670 871 812 960 ridere3
829 872 996 965 quomodo
1014 872 1130 955 vultis,
1150 873 1260 966 magis
1277 898 1362 968 pro·

288 989 366 1059 bern
381 990 478 1059 vobis
491 989 586 1058 illum
600 989 749 1058 noluisse
759 990 775 1056 Ρ
786 1011 857 1058 non
879 988 952 1057 vult
972 989 1071 1058 mori.
1088 989 1178 1057 Mori
1186 1037 1199 1070 ‚
1215 991 1358 1080 inquit,

286 1106 402 1196 volui3
421 1108 555 1201 quare?
572 1107 653 1198 quia
671 1122 724 1174 ter
741 1104 865 1183 vicisti.
880 1105 916 1175 si
930 1103 1015 1189 milri
1027 1089 1190 1188 creditis,
1212 1106 1361 1197 parrici-

286 1219 381 1290 dium
410 1224 521 1292 lacare
549 1222 656 1291 voluit
674 1209 729 1288 :si
742 1215 820 1305 isti',
839 1245 860 1289 a
879 1245 932 1290 mc
948 1220 1171 1315 parricidium
1198 1221 1280 1290 fieri
1297 1246 1360 1290 vo-

285 1335 362 1406 luit.
384 1338 506 1432 Qualis
523 1356 574 1408 est
587 1361 689 1424 reus,
707 1337 805 1430 cujus
823 1337 889 1406 hoc
906 1362 1010 1406 unum
1029 1337 1256 1430 patrocinium
1280 1353 1355 1421 est,

287 1450 469 1546 indignum
483 1478 520 1522 se
533 1455 603 1522 rita
618 1453 721 1540 luisse
730 1453 760 1518 ¹?
771 1453 880 1535 Dico,
896 1468 964 1520 tam
981 1453 1127 1521 invisum
1145 1451 1209 1520 tibi
1222 1469 1359 1546 patrem

284 1565 408 1648 luisse,
425 1555 463 1637 ut
476 1568 633 1638 occidere
645 1566 793 1635 volucris
810 1595 817 1634 :
833 1559 902 1636 tum
914 1569 1061 1637 invisum
1074 1570 1148 1662 ipsc
1161 1568 1354 1655 confiteris,

181 1694 184 1720 ¹
283 1679 322 1753 ut
336 1686 421 1754 mori
438 1685 600 1754 volucris.

331 1857 512 1928 DIVISIO.
521 1861 596 1929 Non
609 1873 691 1952 puto
701 1881 761 1927 vos
769 1861 905 1952 exigere
919 1857 1134 1941 divisionem,
1148 1884 1253 1952 quum
1267 1883 1355 1930 con·

279 1975 456 2065 jecturalis
478 1976 523 2042 sit
544 1977 797 2050 controversias
815 1974 919 2042 habet
943 1992 1055 2044 tamen
1070 1945 1268 2044 dissimilem
1284 1999 1355 2044 cac-

282 2091 367 2157 teris
378 2091 629 2183 conjecturam,
645 2107 679 2158 et
696 2090 866 2185 duplicem
880 2120 889 2178 3
905 2114 992 2174 non,
1011 2090 1180 2184 quomodo
1194 2091 1281 2159 solet
1292 2108 1355 2160 aut

281 2207 373 2275 inter
394 2206 480 2275 duos
505 2211 606 2291 reos,'
621 2231 726 2299 quum
744 2206 889 2276 alterum
911 2211 1127 2302 coarguimus
1149 2235 1158 2276 ε
1183 2226 1243 2276 sut
1259 2211 1353 2278 inter

282 2319 350 2389 duo
370 2323 526 2408 crimina,
544 2347 649 2416 quum
665 2323 808 2390 alterum
821 2320 1017 2416 probamus,
1033 2338 1072 2391 ut
1085 2320 1121 2389 id
1134 2321 1276 2392 alterius
1290 2324 1353 2393 fiat

280 2437 436 2532 probatio
456 2465 465 2505 ε
484 2455 767 2532 tanquamquum
793 2437 937 2506 dicimus
963 2436 1150 2506 adulteram
1167 2437 1293 2522 fuisse,
1312 2456 1352 2508 ut

277 2553 436 2623 credatur
455 2555 557 2623 ctiam
579 2567 721 2649 propter
742 2550 809 2620 hoc
832 2552 984 2622 venefica
997 2557 1023 2620 ².
1050 2553 1091 2620 In
1118 2578 1186 2622 uno
1204 2552 1349 2624 homine

247 2715 250 2724 -
278 2670 473 2762 conjectura
486 2669 610 2764 duplex
629 2685 701 2756 est;
722 2667 904 2761 quaerimus
921 2668 1026 2753 enim,
1044 2685 1159 2738 utrum
1175 2695 1348 2742 vencnum

278 2787 314 2853 in
330 2771 424 2855 suam
438 2800 578 2853 mortem
593 2834 603 2868 ,
618 2808 663 2852 an
677 2785 713 2851 in
728 2783 834 2875 patris
850 2785 1033 2877 paraverit.

326 2902 490 2971 COLOR.
514 2901 550 2968 si
573 2898 632 2967 hic
655 2898 750 2968 color
772 2898 929 2994 displicet
945 2923 1008 2992 pro
1033 2897 1261 2985 adolescente,
1278 2927 1347 2996 quo

279 3015 365 3083 dixit
380 3006 517 3096 Lino&
538 3027 576 3080 ut
591 3012 678 3081 nihil
697 3027 866 3096 mutaret,
888 3010 948 3079 sed
968 3009 1099 3082 diceret
1115 3014 1228 3081 :Mori
1252 3016 1345 3084 volui

221 3113 226 3124 ⁸
278 3129 379 3199 taedio
395 3129 641 3213 abdicationis,
656 3145 691 3197 et
704 3125 912 3196 infelicitatis
924 3127 1066 3196 assiduae
1081 3179 1090 3211 ,
1108 3153 1213 3220 quum
1228 3130 1268 3198 in
1281 3131 1345 3201 hoc
1367 3157 1372 3166 ⁴

265 3226 405 3327 'tantum
420 3227 536 3313 sordes
551 3267 733 3338 ponerem,
751 3260 790 3312 ut
802 3267 880 3312 cum
897 3243 1023 3336 majore
1038 3261 1204 3314 tormento
1216 3249 1344 3338 positas

276 3386 480 3431 resumerem
490 3411 501 3447 ,
515 3378 554 3430 'et
567 3360 734 3430 absolutio
753 3357 838 3430 mihi
862 3363 945 3448 uni,
964 3385 1033 3430 non
1048 3362 1127 3431 linis
1148 3367 1344 3459 essetperi·

310 3552 481 3620 tiodignum
491 3553 582 3605 seviter
581 3551 689 3624 fuisse?
697 3550 782 3604 cnil-
831 3549 877 3621 qui
887 3549 991 3603 nnllsm'
1000 3550 1139 3604 adulteram
1151 3570 1204 3603 non
1217 3551 1281 3608 inde
1296 3572 1343 3608 vc-

269 3631 388 3686 latorium
400 3631 503 3683 honest.
516 3631 570 3703 lpse
581 3630 781 3684 infelicissimam
830 3625 939 3681 osium
956 3628 1025 3681 dixit.
1044 3627 1220 3698 Quintilirnns
1242 3629 1290 3683 iil).
1301 3633 1341 3698 V,

270 3710 374 3768 trahens
385 3709 463 3761 vitam
477 3708 631 3782 judicaverat
639 3708 716 3762 satius
728 3727 780 3761 esse
830 3701 851 3760 cl
868 3724 906 3758 ιι.
919 3707 955 3761 Ν.
968 3705 1070 3760 Faber.-

271 3791 345 3844 mori.
367 3788 442 3842 Pater
462 3787 523 3840 inde
548 3788 625 3840 infert
643 3788 780 3860 indignum
863 3784 887 3838 3.
899 3783 932 3836 St
944 3784 1062 3838 discolor
1079 3785 1261 3855 dnplnespm
1275 3787 1342 3838 adn-

269 3867 323 3923 vits
334 3867 409 3921 luisse
419 3884 464 3918 suo
476 3865 553 3938 ipsios
564 3865 670 3935 judicio,
681 3878 706 3918 et
716 3883 779 3938 pra·
827 3864 950 3927 Isocrate,
964 3882 1015 3930 quo
1026 3863 1098 3915 dimit
1108 3863 1197 3916 Latro
1217 3861 1341 3936 Suspicor

269 3957 338 3999 terea
356 3963 409 3997 non
428 3942 495 3996 mals
512 3943 619 3996 facturos
634 3940 780 4014 judicanti
828 3935 871 3991 lric
891 3957 943 3992 csso
960 3938 1077 4006 divulsa,
1102 3957 1158 4011 que
1181 3939 1342 3995 coluerunt

270 4022 345 4078 illum
356 4043 425 4076 nnuc
437 4020 616 4076 condemnant.
628 4017 738 4072 Scissis·
827 4015 899 4069 olim.
917 4018 1011 4072 Sensus
1029 4029 1096 4071 certe
1107 4030 1158 4085 cst,
1172 4016 1195 4071 si
1206 4017 1341 4094 postremis
1353 4031 1357 4036 '

305 4121 328 4153 o.
343 4099 512 4155 Utendum
522 4101 604 4152 etiam
613 4107 722 4167 propter
732 4097 779 4153 lios
827 4113 931 4166 comm,
943 4115 1000 4170 qur.
1010 4097 1042 4150 dc
1052 4097 1254 4152 divisioncsunt
1265 4099 1341 4162 dieto,

165 4208 169 4220 ·
269 4175 391 4245 venefico.
411 4175 479 4230 licto
496 4173 533 4228 M.
546 4172 773 4246 uiuacissimo,
825 4175 931 4250 adjicias
951 4194 959 4232 ι
979 4177 1022 4231 Sic
1045 4176 1087 4232 hic
1108 4189 1133 4230 st
1153 4177 1234 4232 solor.
1252 4177 1339 4233 Etiam
