<?xml version="1.0" encoding="UTF-8"?>
<!DOCTYPE html PUBLIC "-//W3C//DTD XHTML 1.0 Transitional//EN"
    "http://www.w3.org/TR/xhtml1/DTD/xhtml1-transitional.dtd">
<html xmlns="http://www.w3.org/1999/xhtml" xml:lang="en" lang="en">
 <head>
  <title>
</title>
<meta http-equiv="Content-Type" content="text/html;charset=utf-8" />
  <meta name='ocr-system' content='tesseract 3.04.00' />
  <meta name='ocr-capabilities' content='ocr_page ocr_carea ocr_par ocr_line ocrx_word'/>
</head>
<body>
  <div class='ocr_page' id='page_1' title='image "./lannsenecparspr00bouigoog_0092.png"; bbox 0 0 2866 4814; ppageno 0'>
   <div class='ocr_carea' id='block_1_1' title="bbox 281 407 1393 1463">
    <p class='ocr_par' dir='ltr' id='par_1_1' title="bbox 281 407 1393 1463">
     <span class='ocr_line' id='line_1_1' title="bbox 332 407 1078 528; baseline -0.005 -26"><span class='ocrx_word' id='word_1_1' title='bbox 332 440 376 528; x_wconf 76' lang='lat'>78</span> <span class='ocrx_word' id='word_1_2' title='bbox 472 407 476 429; x_wconf 91' lang='lat'>&#39;</span> <span class='ocrx_word' id='word_1_3' title='bbox 659 435 706 500; x_wconf 83' lang='lat' dir='ltr'>u.</span> <span class='ocrx_word' id='word_1_4' title='bbox 732 431 877 500; x_wconf 71' lang='lat' dir='ltr'>suunt</span> <span class='ocrx_word' id='word_1_5' title='bbox 900 431 1078 500; x_wconf 65' lang='lat' dir='ltr'>sursus*</span> 
     </span>
     <span class='ocr_line' id='line_1_2' title="bbox 332 559 1389 653; baseline -0.004 -21"><span class='ocrx_word' id='word_1_6' title='bbox 332 587 401 632; x_wconf 88' lang='lat' dir='ltr'>non</span> <span class='ocrx_word' id='word_1_7' title='bbox 417 559 520 628; x_wconf 86' lang='lat' dir='ltr'>odisti</span> <span class='ocrx_word' id='word_1_8' title='bbox 536 579 614 627; x_wconf 85' lang='lat' dir='ltr'>eum</span> <span class='ocrx_word' id='word_1_9' title='bbox 633 561 692 651; x_wconf 83' lang='lat' dir='ltr'>qui</span> <span class='ocrx_word' id='word_1_10' title='bbox 708 559 792 626; x_wconf 83' lang='lat' dir='ltr'>milri</span> <span class='ocrx_word' id='word_1_11' title='bbox 811 559 890 626; x_wconf 85' lang='lat' dir='ltr'>lecit</span> <span class='ocrx_word' id='word_1_12' title='bbox 905 559 1085 649; x_wconf 80' lang='lat' dir='ltr'>injuriam,</span> <span class='ocrx_word' id='word_1_13' title='bbox 1103 582 1166 653; x_wconf 79' lang='lat' dir='ltr'>ego</span> <span class='ocrx_word' id='word_1_14' title='bbox 1178 559 1239 633; x_wconf 76' lang='lat' dir='ltr'>odi</span> <span class='ocrx_word' id='word_1_15' title='bbox 1254 565 1389 652; x_wconf 76' lang='lat' dir='ltr'>numqui</span> 
     </span>
     <span class='ocr_line' id='line_1_3' title="bbox 281 675 1303 748; baseline -0.005 -2"><span class='ocrx_word' id='word_1_16' title='bbox 281 713 295 738; x_wconf 57' lang='lat' dir='ltr'>s</span> <span class='ocrx_word' id='word_1_17' title='bbox 332 676 530 748; x_wconf 84' lang='lat' dir='ltr'>secittibi¹.</span> <span class='ocrx_word' id='word_1_18' title='bbox 1298 675 1303 684; x_wconf 87' lang='lat'>&#39;</span> 
     </span>
     <span class='ocr_line' id='line_1_4' title="bbox 380 790 1389 883; baseline -0.006 -23"><span class='ocrx_word' id='word_1_19' title='bbox 380 791 523 860; x_wconf 87' lang='lat' dir='ltr'>Drvrsro.</span> <span class='ocrx_word' id='word_1_20' title='bbox 539 790 669 860; x_wconf 86' lang='lat' dir='ltr'>Divisio</span> <span class='ocrx_word' id='word_1_21' title='bbox 682 792 989 858; x_wconf 82' lang='lat' dir='ltr'>controversiarum</span> <span class='ocrx_word' id='word_1_22' title='bbox 1001 791 1141 882; x_wconf 78' lang='lat' dir='ltr'>antiquo</span> <span class='ocrx_word' id='word_1_23' title='bbox 1159 791 1303 883; x_wconf 78' lang='lat' dir='ltr'>simplex</span> <span class='ocrx_word' id='word_1_24' title='bbox 1317 792 1389 858; x_wconf 85' lang='lat' dir='ltr'>luit:</span> 
     </span>
     <span class='ocr_line' id='line_1_5' title="bbox 333 905 1392 1000; baseline -0.004 -22"><span class='ocrx_word' id='word_1_25' title='bbox 333 932 454 978; x_wconf 82' lang='lat' dir='ltr'>reeens</span> <span class='ocrx_word' id='word_1_26' title='bbox 468 923 583 974; x_wconf 88' lang='lat' dir='ltr'>utrum</span> <span class='ocrx_word' id='word_1_27' title='bbox 593 905 762 989; x_wconf 84' lang='lat' dir='ltr'>subtilior,</span> <span class='ocrx_word' id='word_1_28' title='bbox 779 931 823 975; x_wconf 83' lang='lat' dir='ltr'>an</span> <span class='ocrx_word' id='word_1_29' title='bbox 838 921 966 974; x_wconf 82' lang='lat' dir='ltr'>tanturn</span> <span class='ocrx_word' id='word_1_30' title='bbox 976 908 1161 997; x_wconf 70' lang='lat' dir='ltr'>operosior,</span> <span class='ocrx_word' id='word_1_31' title='bbox 1177 907 1248 1000; x_wconf 88' lang='lat' dir='ltr'>ipsi</span> <span class='ocrx_word' id='word_1_32' title='bbox 1262 908 1392 975; x_wconf 74' lang='lat' dir='ltr'>oestima-</span> 
     </span>
     <span class='ocr_line' id='line_1_6' title="bbox 332 1022 1393 1115; baseline -0.006 -23"><span class='ocrx_word' id='word_1_33' title='bbox 332 1025 442 1092; x_wconf 87' lang='lat' dir='ltr'>bitis:</span> <span class='ocrx_word' id='word_1_34' title='bbox 463 1045 528 1115; x_wconf 80' lang='lat' dir='ltr'>ego</span> <span class='ocrx_word' id='word_1_35' title='bbox 553 1045 736 1114; x_wconf 80' lang='lat' dir='ltr'>exponam,</span> <span class='ocrx_word' id='word_1_36' title='bbox 761 1047 837 1115; x_wconf 73' lang='lat' dir='ltr'>qua·</span> <span class='ocrx_word' id='word_1_37' title='bbox 861 1037 919 1090; x_wconf 81' lang='lat' dir='ltr'>out</span> <span class='ocrx_word' id='word_1_38' title='bbox 938 1035 1071 1090; x_wconf 84' lang='lat' dir='ltr'>veteres</span> <span class='ocrx_word' id='word_1_39' title='bbox 1097 1022 1324 1106; x_wconf 84' lang='lat' dir='ltr'>invenerunt,</span> <span class='ocrx_word' id='word_1_40' title='bbox 1343 1037 1393 1088; x_wconf 87' lang='lat' dir='ltr'>aut</span> 
     </span>
     <span class='ocr_line' id='line_1_7' title="bbox 334 1137 785 1232; baseline -0.007 -24"><span class='ocrx_word' id='word_1_41' title='bbox 334 1153 514 1232; x_wconf 88' lang='lat' dir='ltr'>sequentes</span> <span class='ocrx_word' id='word_1_42' title='bbox 529 1137 785 1208; x_wconf 76' lang='lat' dir='ltr'><strong>adstruxerunt.</strong></span> 
     </span>
     <span class='ocr_line' id='line_1_8' title="bbox 381 1250 1393 1347; baseline 0 -25"><span class='ocrx_word' id='word_1_43' title='bbox 381 1259 490 1322; x_wconf 81' lang='lat' dir='ltr'>Ltrno</span> <span class='ocrx_word' id='word_1_44' title='bbox 510 1255 584 1322; x_wconf 87' lang='lat' dir='ltr'>illus</span> <span class='ocrx_word' id='word_1_45' title='bbox 601 1256 802 1347; x_wconf 66' lang='lat' dir='ltr'>questiones</span> <span class='ocrx_word' id='word_1_46' title='bbox 815 1253 897 1321; x_wconf 84' lang='lat' dir='ltr'>feeit</span> <span class='ocrx_word' id='word_1_47' title='bbox 912 1279 920 1319; x_wconf 75' lang='lat' dir='ltr'>e</span> <span class='ocrx_word' id='word_1_48' title='bbox 937 1250 1052 1320; x_wconf 87' lang='lat' dir='ltr'>divisit</span> <span class='ocrx_word' id='word_1_49' title='bbox 1070 1253 1106 1321; x_wconf 92' lang='lat' dir='ltr'>in</span> <span class='ocrx_word' id='word_1_50' title='bbox 1123 1252 1182 1346; x_wconf 86' lang='lat' dir='ltr'>jus</span> <span class='ocrx_word' id='word_1_51' title='bbox 1202 1269 1238 1322; x_wconf 89' lang='lat' dir='ltr'>et</span> <span class='ocrx_word' id='word_1_52' title='bbox 1262 1257 1393 1346; x_wconf 78' lang='lat' dir='ltr'>aequitt·</span> 
     </span>
     <span class='ocr_line' id='line_1_9' title="bbox 334 1368 1393 1463; baseline 0 -25"><span class='ocrx_word' id='word_1_53' title='bbox 334 1375 431 1453; x_wconf 82' lang='lat' dir='ltr'>tem²,</span> <span class='ocrx_word' id='word_1_54' title='bbox 445 1394 487 1438; x_wconf 84' lang='lat' dir='ltr'>an</span> <span class='ocrx_word' id='word_1_55' title='bbox 497 1369 649 1437; x_wconf 78' lang='lat' dir='ltr'>abdicari</span> <span class='ocrx_word' id='word_1_56' title='bbox 659 1371 777 1463; x_wconf 78' lang='lat' dir='ltr'>possit,</span> <span class='ocrx_word' id='word_1_57' title='bbox 789 1393 833 1436; x_wconf 86' lang='lat' dir='ltr'>nn</span> <span class='ocrx_word' id='word_1_58' title='bbox 846 1368 988 1453; x_wconf 81' lang='lat' dir='ltr'>debest3</span> <span class='ocrx_word' id='word_1_59' title='bbox 1002 1369 1052 1436; x_wconf 86' lang='lat' dir='ltr'>sio</span> <span class='ocrx_word' id='word_1_60' title='bbox 1065 1372 1201 1462; x_wconf 82' lang='lat' dir='ltr'>quaerit,</span> <span class='ocrx_word' id='word_1_61' title='bbox 1212 1393 1258 1438; x_wconf 89' lang='lat' dir='ltr'>an</span> <span class='ocrx_word' id='word_1_62' title='bbox 1268 1390 1393 1438; x_wconf 69' lang='lat' dir='ltr'>necate</span> 
     </span>
    </p>
   </div>
   <div class='ocr_carea' id='block_1_2' title="bbox 218 1480 1393 1579">
    <p class='ocr_par' dir='ltr' id='par_1_2' title="bbox 218 1480 1393 1579">
     <span class='ocr_line' id='line_1_10' title="bbox 218 1480 1393 1579; baseline -0.003 -25"><span class='ocrx_word' id='word_1_63' title='bbox 218 1519 242 1554; x_wconf 84' lang='lat'>·.</span> <span class='ocrx_word' id='word_1_64' title='bbox 334 1488 436 1556; x_wconf 81' lang='lat' dir='ltr'>luerit</span> <span class='ocrx_word' id='word_1_65' title='bbox 455 1485 506 1554; x_wconf 91' lang='lat' dir='ltr'>illi</span> <span class='ocrx_word' id='word_1_66' title='bbox 523 1501 652 1578; x_wconf 85' lang='lat' dir='ltr'>patrem</span> <span class='ocrx_word' id='word_1_67' title='bbox 664 1484 755 1553; x_wconf 83' lang='lat' dir='ltr'>alere</span> <span class='ocrx_word' id='word_1_68' title='bbox 762 1537 774 1569; x_wconf 93' lang='lat'>,</span> <span class='ocrx_word' id='word_1_69' title='bbox 785 1499 821 1552; x_wconf 88' lang='lat' dir='ltr'>et</span> <span class='ocrx_word' id='word_1_70' title='bbox 835 1483 879 1552; x_wconf 89' lang='lat' dir='ltr'>ob</span> <span class='ocrx_word' id='word_1_71' title='bbox 889 1480 924 1550; x_wconf 90' lang='lat' dir='ltr'>id</span> <span class='ocrx_word' id='word_1_72' title='bbox 935 1482 1085 1575; x_wconf 82' lang='lat' dir='ltr'>abdicari</span> <span class='ocrx_word' id='word_1_73' title='bbox 1101 1509 1170 1554; x_wconf 86' lang='lat' dir='ltr'>non</span> <span class='ocrx_word' id='word_1_74' title='bbox 1181 1487 1302 1579; x_wconf 82' lang='lat' dir='ltr'>possit,</span> <span class='ocrx_word' id='word_1_75' title='bbox 1314 1481 1393 1576; x_wconf 88' lang='lat' dir='ltr'>quod</span> 
     </span>
    </p>
   </div>
   <div class='ocr_carea' id='block_1_3' title="bbox 334 1599 1394 2508">
    <p class='ocr_par' dir='ltr' id='par_1_3' title="bbox 334 1599 1394 2508">
     <span class='ocr_line' id='line_1_11' title="bbox 334 1599 1394 1697; baseline -0.007 -25"><span class='ocrx_word' id='word_1_76' title='bbox 334 1606 414 1674; x_wconf 88' lang='lat' dir='ltr'>lecit</span> <span class='ocrx_word' id='word_1_77' title='bbox 428 1604 505 1697; x_wconf 79' lang='lat' dir='ltr'>lege</span> <span class='ocrx_word' id='word_1_78' title='bbox 523 1617 679 1694; x_wconf 82' lang='lat' dir='ltr'>cogente.</span> <span class='ocrx_word' id='word_1_79' title='bbox 699 1605 771 1669; x_wconf 89' lang='lat' dir='ltr'>Hoc</span> <span class='ocrx_word' id='word_1_80' title='bbox 785 1601 820 1668; x_wconf 90' lang='lat' dir='ltr'>in</span> <span class='ocrx_word' id='word_1_81' title='bbox 834 1602 895 1668; x_wconf 85' lang='lat' dir='ltr'>has</span> <span class='ocrx_word' id='word_1_82' title='bbox 908 1603 1110 1691; x_wconf 74' lang='lat' dir='ltr'>quaestiones</span> <span class='ocrx_word' id='word_1_83' title='bbox 1124 1601 1243 1672; x_wconf 84' lang='lat' dir='ltr'>divisit</span> <span class='ocrx_word' id='word_1_84' title='bbox 1259 1629 1268 1669; x_wconf 75' lang='grc' dir='ltr'>ι</span> <span class='ocrx_word' id='word_1_85' title='bbox 1283 1604 1335 1672; x_wconf 81' lang='lat' dir='ltr'>An</span> <span class='ocrx_word' id='word_1_86' title='bbox 1344 1599 1394 1666; x_wconf 84' lang='lat' dir='ltr'>sb-</span> 
     </span>
     <span class='ocr_line' id='line_1_12' title="bbox 334 1715 1392 1808; baseline -0.009 -18"><span class='ocrx_word' id='word_1_87' title='bbox 334 1721 466 1790; x_wconf 78' lang='lat' dir='ltr'>dicatus</span> <span class='ocrx_word' id='word_1_88' title='bbox 483 1743 551 1786; x_wconf 90' lang='lat' dir='ltr'>non</span> <span class='ocrx_word' id='word_1_89' title='bbox 570 1718 701 1785; x_wconf 84' lang='lat' dir='ltr'>desinat</span> <span class='ocrx_word' id='word_1_90' title='bbox 728 1740 801 1784; x_wconf 85' lang='lat' dir='ltr'>esse</span> <span class='ocrx_word' id='word_1_91' title='bbox 825 1715 915 1784; x_wconf 90' lang='lat' dir='ltr'>filius</span> <span class='ocrx_word' id='word_1_92' title='bbox 939 1742 946 1782; x_wconf 77' lang='grc' dir='ltr'><strong><em>ε</em></strong></span> <span class='ocrx_word' id='word_1_93' title='bbox 966 1744 1009 1787; x_wconf 84' lang='lat' dir='ltr'>an</span> <span class='ocrx_word' id='word_1_94' title='bbox 1039 1720 1066 1787; x_wconf 90' lang='lat' dir='ltr'>is</span> <span class='ocrx_word' id='word_1_95' title='bbox 1093 1717 1229 1804; x_wconf 64' lang='lat' dir='ltr'>desinet</span> <span class='ocrx_word' id='word_1_96' title='bbox 1249 1717 1310 1808; x_wconf 89' lang='lat' dir='ltr'>qni</span> <span class='ocrx_word' id='word_1_97' title='bbox 1335 1737 1392 1782; x_wconf 88' lang='lat' dir='ltr'>non</span> 
     </span>
     <span class='ocr_line' id='line_1_13' title="bbox 334 1831 1391 1926; baseline -0.006 -22"><span class='ocrx_word' id='word_1_98' title='bbox 334 1851 461 1904; x_wconf 77' lang='lat' dir='ltr'>tontum</span> <span class='ocrx_word' id='word_1_99' title='bbox 478 1831 671 1914; x_wconf 83' lang='lat' dir='ltr'>abdicatus,</span> <span class='ocrx_word' id='word_1_100' title='bbox 688 1831 749 1900; x_wconf 90' lang='lat' dir='ltr'>sed</span> <span class='ocrx_word' id='word_1_101' title='bbox 769 1835 870 1900; x_wconf 79' lang='lat' dir='ltr'>etiam</span> <span class='ocrx_word' id='word_1_102' title='bbox 887 1832 931 1900; x_wconf 85' lang='lat' dir='ltr'>ab</span> <span class='ocrx_word' id='word_1_103' title='bbox 944 1857 1005 1901; x_wconf 84' lang='lat' dir='ltr'>avo</span> <span class='ocrx_word' id='word_1_104' title='bbox 1023 1834 1204 1926; x_wconf 74' lang='lat' dir='ltr'>adoptatus</span> <span class='ocrx_word' id='word_1_105' title='bbox 1211 1850 1283 1914; x_wconf 86' lang='lat' dir='ltr'>est,</span> <span class='ocrx_word' id='word_1_106' title='bbox 1305 1831 1391 1898; x_wconf 84' lang='lat' dir='ltr'>etism</span> 
     </span>
     <span class='ocr_line' id='line_1_14' title="bbox 334 1948 1390 2042; baseline -0.009 -22"><span class='ocrx_word' id='word_1_107' title='bbox 334 1954 363 2020; x_wconf 91' lang='lat' dir='ltr'>si</span> <span class='ocrx_word' id='word_1_108' title='bbox 387 1951 478 2020; x_wconf 87' lang='lat' dir='ltr'>lilius</span> <span class='ocrx_word' id='word_1_109' title='bbox 505 1965 578 2016; x_wconf 83' lang='lat' dir='ltr'>erat</span> <span class='ocrx_word' id='word_1_110' title='bbox 595 1974 603 2014; x_wconf 74' lang='grc' dir='ltr'><strong>ι</strong></span> <span class='ocrx_word' id='word_1_111' title='bbox 622 1971 666 2016; x_wconf 85' lang='lat' dir='ltr'>nn</span> <span class='ocrx_word' id='word_1_112' title='bbox 688 1949 844 2039; x_wconf 85' lang='lat' dir='ltr'>quisquis</span> <span class='ocrx_word' id='word_1_113' title='bbox 866 1965 996 2042; x_wconf 79' lang='lat' dir='ltr'>patrem</span> <span class='ocrx_word' id='word_1_114' title='bbox 1023 1973 1094 2016; x_wconf 91' lang='lat' dir='ltr'>non</span> <span class='ocrx_word' id='word_1_115' title='bbox 1118 1948 1197 2030; x_wconf 79' lang='lat' dir='ltr'>alit,</span> <span class='ocrx_word' id='word_1_116' title='bbox 1228 1949 1390 2041; x_wconf 83' lang='lat' dir='ltr'>puniatur,</span> 
     </span>
     <span class='ocr_line' id='line_1_15' title="bbox 336 2051 1392 2159; baseline -0.007 -24"><span class='ocrx_word' id='word_1_117' title='bbox 336 2085 495 2159; x_wconf 80' lang='lat' dir='ltr'>tanquam</span> <span class='ocrx_word' id='word_1_118' title='bbox 521 2087 636 2157; x_wconf 79' lang='lat' dir='ltr'>aeger,</span> <span class='ocrx_word' id='word_1_119' title='bbox 658 2063 810 2144; x_wconf 87' lang='lat' dir='ltr'>vinetus,</span> <span class='ocrx_word' id='word_1_120' title='bbox 827 2051 971 2156; x_wconf 73' lang='lat' dir='ltr'>&#39;captus³</span> <span class='ocrx_word' id='word_1_121' title='bbox 991 2089 1065 2134; x_wconf 81' lang='lat' dir='ltr'>:on</span> <span class='ocrx_word' id='word_1_122' title='bbox 1090 2065 1240 2157; x_wconf 79' lang='lat' dir='ltr'>aliquam</span> <span class='ocrx_word' id='word_1_123' title='bbox 1270 2064 1332 2134; x_wconf 88' lang='lat' dir='ltr'>filii</span> <span class='ocrx_word' id='word_1_124' title='bbox 1348 2061 1392 2128; x_wconf 84' lang='lat' dir='ltr'>let</span> 
     </span>
     <span class='ocr_line' id='line_1_16' title="bbox 335 2175 1393 2274; baseline -0.01 -21"><span class='ocrx_word' id='word_1_125' title='bbox 335 2175 609 2254; x_wconf 65' lang='lat' dir='ltr'>excusationeml</span> <span class='ocrx_word' id='word_1_126' title='bbox 629 2180 801 2272; x_wconf 80' lang='lat' dir='ltr'>accipiat:</span> <span class='ocrx_word' id='word_1_127' title='bbox 827 2204 872 2247; x_wconf 81' lang='lat' dir='ltr'>on</span> <span class='ocrx_word' id='word_1_128' title='bbox 899 2179 966 2248; x_wconf 90' lang='lat' dir='ltr'>hoc</span> <span class='ocrx_word' id='word_1_129' title='bbox 991 2182 1145 2274; x_wconf 80' lang='lat' dir='ltr'>accipere</span> <span class='ocrx_word' id='word_1_130' title='bbox 1162 2182 1325 2274; x_wconf 86' lang='lat' dir='ltr'>potnerit.</span> <span class='ocrx_word' id='word_1_131' title='bbox 1348 2177 1393 2243; x_wconf 86' lang='lat' dir='ltr'>An</span> 
     </span>
     <span class='ocr_line' id='line_1_17' title="bbox 335 2291 1393 2388; baseline -0.011 -19"><span class='ocrx_word' id='word_1_132' title='bbox 335 2299 486 2368; x_wconf 85' lang='lat' dir='ltr'>abdicari</span> <span class='ocrx_word' id='word_1_133' title='bbox 506 2297 628 2365; x_wconf 85' lang='lat' dir='ltr'>debent</span> <span class='ocrx_word' id='word_1_134' title='bbox 645 2323 654 2364; x_wconf 75' lang='grc' dir='ltr'><strong><em>ε</em></strong></span> <span class='ocrx_word' id='word_1_135' title='bbox 673 2316 736 2388; x_wconf 87' lang='lat' dir='ltr'>per</span> <span class='ocrx_word' id='word_1_136' title='bbox 750 2296 815 2365; x_wconf 90' lang='lat' dir='ltr'>hoc</span> <span class='ocrx_word' id='word_1_137' title='bbox 832 2297 1003 2388; x_wconf 82' lang='lat' dir='ltr'>quaesivit,</span> <span class='ocrx_word' id='word_1_138' title='bbox 1019 2319 1063 2363; x_wconf 83' lang='lat' dir='ltr'>nn</span> <span class='ocrx_word' id='word_1_139' title='bbox 1074 2298 1174 2365; x_wconf 83' lang='lat' dir='ltr'>etiam</span> <span class='ocrx_word' id='word_1_140' title='bbox 1191 2299 1220 2365; x_wconf 89' lang='lat' dir='ltr'>si</span> <span class='ocrx_word' id='word_1_141' title='bbox 1238 2297 1297 2364; x_wconf 85' lang='lat' dir='ltr'>ille</span> <span class='ocrx_word' id='word_1_142' title='bbox 1314 2291 1393 2361; x_wconf 91' lang='lat' dir='ltr'>indi-</span> 
     </span>
     <span class='ocr_line' id='line_1_18' title="bbox 337 2408 1390 2508; baseline -0.013 -22"><span class='ocrx_word' id='word_1_143' title='bbox 337 2441 424 2508; x_wconf 80' lang='lat' dir='ltr'>gnus</span> <span class='ocrx_word' id='word_1_144' title='bbox 441 2415 504 2484; x_wconf 86' lang='lat' dir='ltr'>luit</span> <span class='ocrx_word' id='word_1_145' title='bbox 517 2415 577 2506; x_wconf 92' lang='lat' dir='ltr'>qui</span> <span class='ocrx_word' id='word_1_146' title='bbox 600 2413 761 2497; x_wconf 79' lang='lat' dir='ltr'>aleretur,</span> <span class='ocrx_word' id='word_1_147' title='bbox 778 2413 837 2480; x_wconf 89' lang='lat' dir='ltr'>hio</span> <span class='ocrx_word' id='word_1_148' title='bbox 849 2429 961 2482; x_wconf 83' lang='lat' dir='ltr'>tamen</span> <span class='ocrx_word' id='word_1_149' title='bbox 975 2427 1067 2483; x_wconf 87' lang='lat' dir='ltr'>reete</span> <span class='ocrx_word' id='word_1_150' title='bbox 1085 2413 1205 2482; x_wconf 82' lang='lat' dir='ltr'>lecerit</span> <span class='ocrx_word' id='word_1_151' title='bbox 1221 2415 1281 2506; x_wconf 91' lang='lat' dir='ltr'>qui</span> <span class='ocrx_word' id='word_1_152' title='bbox 1294 2408 1390 2480; x_wconf 88' lang='lat' dir='ltr'>aluit:</span> 
     </span>
    </p>
   </div>
   <div class='ocr_carea' id='block_1_4' title="bbox 332 2653 1396 4224">
    <p class='ocr_par' dir='ltr' id='par_1_4' title="bbox 335 2653 1394 2809">
     <span class='ocr_line' id='line_1_19' title="bbox 374 2653 1394 2740; baseline -0.004 -19"><span class='ocrx_word' id='word_1_153' title='bbox 374 2689 395 2721; x_wconf 88' lang='grc' dir='ltr'>ι.</span> <span class='ocrx_word' id='word_1_154' title='bbox 421 2667 477 2738; x_wconf 83' lang='lat' dir='ltr'>Qui</span> <span class='ocrx_word' id='word_1_155' title='bbox 488 2667 555 2740; x_wconf 74' lang='lat' dir='ltr'>fecit</span> <span class='ocrx_word' id='word_1_156' title='bbox 573 2669 628 2721; x_wconf 81' lang='lat' dir='ltr'>tibi.</span> <span class='ocrx_word' id='word_1_157' title='bbox 651 2667 685 2720; x_wconf 84' lang='lat' dir='ltr'>Et</span> <span class='ocrx_word' id='word_1_158' title='bbox 705 2681 748 2720; x_wconf 87' lang='lat' dir='ltr'>tua</span> <span class='ocrx_word' id='word_1_159' title='bbox 769 2653 849 2740; x_wconf 76' lang='lat' dir='ltr'>igitur</span> <span class='ocrx_word' id='word_1_160' title='bbox 894 2667 927 2719; x_wconf 78' lang='lat' dir='ltr'>atl</span> <span class='ocrx_word' id='word_1_161' title='bbox 940 2686 983 2730; x_wconf 86' lang='lat' dir='ltr'>ea,</span> <span class='ocrx_word' id='word_1_162' title='bbox 999 2684 1054 2736; x_wconf 69' lang='lat' dir='ltr'>qun</span> <span class='ocrx_word' id='word_1_163' title='bbox 1066 2667 1139 2720; x_wconf 86' lang='lat' dir='ltr'>initio</span> <span class='ocrx_word' id='word_1_164' title='bbox 1149 2667 1226 2740; x_wconf 87' lang='lat' dir='ltr'>hujus</span> <span class='ocrx_word' id='word_1_165' title='bbox 1234 2677 1305 2721; x_wconf 65' lang='grc' dir='ltr'>ηοω</span> <span class='ocrx_word' id='word_1_166' title='bbox 1317 2663 1394 2732; x_wconf 76' lang='lat' dir='ltr'>lispu-</span> 
     </span>
     <span class='ocr_line' id='line_1_20' title="bbox 335 2743 1392 2809; baseline -0.014 -7"><span class='ocrx_word' id='word_1_167' title='bbox 335 2769 408 2802; x_wconf 81' lang='lat' dir='ltr'>eauaa</span> <span class='ocrx_word' id='word_1_168' title='bbox 422 2749 467 2801; x_wconf 88' lang='lat' dir='ltr'>tibi</span> <span class='ocrx_word' id='word_1_169' title='bbox 479 2750 581 2802; x_wconf 81' lang='lat' dir='ltr'>irascor.</span> <span class='ocrx_word' id='word_1_170' title='bbox 591 2747 690 2802; x_wconf 64' lang='lat' dir='ltr'>Salute.</span> <span class='ocrx_word' id='word_1_171' title='bbox 895 2745 1010 2797; x_wconf 81' lang='lat' dir='ltr'>lavimus.</span> <span class='ocrx_word' id='word_1_172' title='bbox 1023 2744 1061 2796; x_wconf 83' lang='lat' dir='ltr'>Ea</span> <span class='ocrx_word' id='word_1_173' title='bbox 1067 2744 1208 2809; x_wconf 77' lang='lat' dir='ltr'>bisantem,</span> <span class='ocrx_word' id='word_1_174' title='bbox 1216 2765 1258 2799; x_wconf 83' lang='lat' dir='ltr'>ute</span> <span class='ocrx_word' id='word_1_175' title='bbox 1267 2743 1392 2800; x_wconf 79' lang='lat' dir='ltr'>indicente,</span> 
     </span>
    </p>

    <p class='ocr_par' dir='ltr' id='par_1_5' title="bbox 332 2816 1396 4224">
     <span class='ocr_line' id='line_1_21' title="bbox 370 2816 1394 2896; baseline -0.005 -18"><span class='ocrx_word' id='word_1_176' title='bbox 370 2849 392 2878; x_wconf 80' lang='lat' dir='ltr'>a.</span> <span class='ocrx_word' id='word_1_177' title='bbox 411 2827 448 2878; x_wconf 83' lang='lat' dir='ltr'>In</span> <span class='ocrx_word' id='word_1_178' title='bbox 462 2833 506 2890; x_wconf 70' lang='lat' dir='ltr'>ius</span> <span class='ocrx_word' id='word_1_179' title='bbox 523 2835 549 2877; x_wconf 77' lang='lat' dir='ltr'>el</span> <span class='ocrx_word' id='word_1_180' title='bbox 567 2827 725 2894; x_wconf 74' lang='lat' dir='ltr'>oeqrsitalem·</span> <span class='ocrx_word' id='word_1_181' title='bbox 745 2825 846 2878; x_wconf 82' lang='lat' dir='ltr'>Divisio</span> <span class='ocrx_word' id='word_1_182' title='bbox 894 2837 1011 2896; x_wconf 84' lang='lat' dir='ltr'>apparet,</span> <span class='ocrx_word' id='word_1_183' title='bbox 1034 2845 1110 2896; x_wconf 84' lang='lat' dir='ltr'>quarn</span> <span class='ocrx_word' id='word_1_184' title='bbox 1130 2838 1196 2878; x_wconf 85' lang='lat' dir='ltr'>recte</span> <span class='ocrx_word' id='word_1_185' title='bbox 1210 2824 1355 2879; x_wconf 79' lang='lat' dir='ltr'>Victorinus</span> <span class='ocrx_word' id='word_1_186' title='bbox 1367 2816 1394 2868; x_wconf 73' lang='lat' dir='ltr'>tl</span> 
     </span>
     <span class='ocr_line' id='line_1_22' title="bbox 335 2902 1394 2976; baseline -0.003 -18"><span class='ocrx_word' id='word_1_187' title='bbox 335 2906 391 2960; x_wconf 78' lang='lat' dir='ltr'>brec</span> <span class='ocrx_word' id='word_1_188' title='bbox 399 2905 508 2957; x_wconf 79' lang='lat' dir='ltr'>maxime</span> <span class='ocrx_word' id='word_1_189' title='bbox 514 2903 629 2956; x_wconf 86' lang='lat' dir='ltr'>omnium</span> <span class='ocrx_word' id='word_1_190' title='bbox 640 2902 785 2976; x_wconf 75' lang='lat' dir='ltr'>pervulgata</span> <span class='ocrx_word' id='word_1_191' title='bbox 795 2904 845 2956; x_wconf 90' lang='lat' dir='ltr'>De-</span> <span class='ocrx_word' id='word_1_192' title='bbox 895 2903 912 2955; x_wconf 93' lang='lat' dir='ltr'>l.</span> <span class='ocrx_word' id='word_1_193' title='bbox 927 2904 939 2955; x_wconf 96' lang='lat'>1</span> <span class='ocrx_word' id='word_1_194' title='bbox 953 2902 1056 2957; x_wconf 83' lang='lat' dir='ltr'>Rhetor.</span> <span class='ocrx_word' id='word_1_195' title='bbox 1070 2902 1123 2956; x_wconf 83' lang='lat' dir='ltr'>Cic.</span> <span class='ocrx_word' id='word_1_196' title='bbox 1138 2903 1307 2974; x_wconf 77' lang='lat' dir='ltr'>judioeverit,</span> <span class='ocrx_word' id='word_1_197' title='bbox 1324 2913 1394 2970; x_wconf 64' lang='lat' dir='ltr'>quum</span> 
     </span>
     <span class='ocr_line' id='line_1_23' title="bbox 336 2976 1394 3054; baseline -0.004 -18"><span class='ocrx_word' id='word_1_198' title='bbox 336 2983 522 3036; x_wconf 68' lang='lat' dir='ltr'>clamatoribus.</span> <span class='ocrx_word' id='word_1_199' title='bbox 539 2981 708 3054; x_wconf 83' lang='lat' dir='ltr'>Jamprimum</span> <span class='ocrx_word' id='word_1_200' title='bbox 722 2982 763 3054; x_wconf 88' lang='lat' dir='ltr'>jus</span> <span class='ocrx_word' id='word_1_201' title='bbox 776 3001 844 3046; x_wconf 88' lang='lat' dir='ltr'>ease,</span> <span class='ocrx_word' id='word_1_202' title='bbox 895 2980 944 3033; x_wconf 85' lang='lat' dir='ltr'>eit:</span> <span class='ocrx_word' id='word_1_203' title='bbox 960 2979 1089 3053; x_wconf 79' lang='lat' dir='ltr'>«Sapiens</span> <span class='ocrx_word' id='word_1_204' title='bbox 1108 2994 1145 3034; x_wconf 84' lang='lat' dir='ltr'>est</span> <span class='ocrx_word' id='word_1_205' title='bbox 1163 2982 1230 3034; x_wconf 83' lang='lat' dir='ltr'>enim</span> <span class='ocrx_word' id='word_1_206' title='bbox 1253 2979 1299 3054; x_wconf 89' lang='lat' dir='ltr'>qui</span> <span class='ocrx_word' id='word_1_207' title='bbox 1317 2976 1394 3032; x_wconf 67' lang='lat' dir='ltr'>dirim</span> 
     </span>
     <span class='ocr_line' id='line_1_24' title="bbox 336 3057 1393 3132; baseline -0.004 -20"><span class='ocrx_word' id='word_1_208' title='bbox 336 3081 386 3130; x_wconf 89' lang='lat' dir='ltr'>qno</span> <span class='ocrx_word' id='word_1_209' title='bbox 399 3079 487 3112; x_wconf 86' lang='lat' dir='ltr'>omnes</span> <span class='ocrx_word' id='word_1_210' title='bbox 504 3071 646 3121; x_wconf 75' lang='lat' dir='ltr'>teneantur,</span> <span class='ocrx_word' id='word_1_211' title='bbox 667 3061 711 3132; x_wconf 90' lang='lat' dir='ltr'>qui</span> <span class='ocrx_word' id='word_1_212' title='bbox 730 3061 844 3114; x_wconf 84' lang='lat' dir='ltr'>hominos</span> <span class='ocrx_word' id='word_1_213' title='bbox 893 3073 967 3130; x_wconf 89' lang='lat' dir='ltr'>atque</span> <span class='ocrx_word' id='word_1_214' title='bbox 986 3059 1098 3112; x_wconf 79' lang='lat' dir='ltr'>humera</span> <span class='ocrx_word' id='word_1_215' title='bbox 1119 3061 1212 3132; x_wconf 84' lang='lat' dir='ltr'>optime.</span> <span class='ocrx_word' id='word_1_216' title='bbox 1231 3058 1311 3114; x_wconf 80' lang='lat' dir='ltr'>novit.</span> <span class='ocrx_word' id='word_1_217' title='bbox 1332 3057 1393 3126; x_wconf 71' lang='lat' dir='ltr'>Ergo</span> 
     </span>
     <span class='ocr_line' id='line_1_25' title="bbox 335 3133 1393 3210; baseline 0 -20"><span class='ocrx_word' id='word_1_218' title='bbox 335 3137 468 3202; x_wconf 84' lang='lat' dir='ltr'>snnlnati,</span> <span class='ocrx_word' id='word_1_219' title='bbox 480 3151 503 3190; x_wconf 90' lang='lat' dir='ltr'>et</span> <span class='ocrx_word' id='word_1_220' title='bbox 518 3137 626 3210; x_wconf 80' lang='lat' dir='ltr'>singulis</span> <span class='ocrx_word' id='word_1_221' title='bbox 645 3139 698 3208; x_wconf 88' lang='lat' dir='ltr'>(qni</span> <span class='ocrx_word' id='word_1_222' title='bbox 710 3139 845 3210; x_wconf 84' lang='lat' dir='ltr'>complica·</span> <span class='ocrx_word' id='word_1_223' title='bbox 893 3138 1005 3190; x_wconf 81' lang='lat' dir='ltr'>studium</span> <span class='ocrx_word' id='word_1_224' title='bbox 1027 3151 1100 3190; x_wconf 69' lang='lat' dir='ltr'>reete</span> <span class='ocrx_word' id='word_1_225' title='bbox 1119 3137 1222 3192; x_wconf 89' lang='lat' dir='ltr'>rationis</span> <span class='ocrx_word' id='word_1_226' title='bbox 1241 3137 1276 3190; x_wconf 85' lang='lat' dir='ltr'>atl</span> <span class='ocrx_word' id='word_1_227' title='bbox 1297 3133 1393 3190; x_wconf 71' lang='lat' dir='ltr'>divina.</span> 
     </span>
     <span class='ocr_line' id='line_1_26' title="bbox 337 3214 1394 3283; baseline -0.006 -13"><span class='ocrx_word' id='word_1_228' title='bbox 337 3233 374 3272; x_wconf 89' lang='lat' dir='ltr'>tas</span> <span class='ocrx_word' id='word_1_229' title='bbox 393 3216 472 3270; x_wconf 86' lang='lat' dir='ltr'>animi</span> <span class='ocrx_word' id='word_1_230' title='bbox 491 3217 608 3270; x_wconf 85' lang='lat' dir='ltr'>notiones</span> <span class='ocrx_word' id='word_1_231' title='bbox 623 3229 689 3269; x_wconf 78' lang='lat' dir='ltr'>reete</span> <span class='ocrx_word' id='word_1_232' title='bbox 709 3216 843 3283; x_wconf 80' lang='lat' dir='ltr'>evolvunt,</span> <span class='ocrx_word' id='word_1_233' title='bbox 893 3214 1003 3268; x_wconf 83' lang='lat' dir='ltr'>studium</span> <span class='ocrx_word' id='word_1_234' title='bbox 1025 3215 1123 3270; x_wconf 83' lang='lat' dir='ltr'>honeati</span> <span class='ocrx_word' id='word_1_235' title='bbox 1144 3214 1223 3269; x_wconf 84' lang='lat' dir='ltr'>officii</span> <span class='ocrx_word' id='word_1_236' title='bbox 1242 3217 1275 3269; x_wconf 79' lang='lat' dir='ltr'>asl</span> <span class='ocrx_word' id='word_1_237' title='bbox 1293 3215 1394 3267; x_wconf 67' lang='lat' dir='ltr'>massua</span> 
     </span>
     <span class='ocr_line' id='line_1_27' title="bbox 336 3291 1395 3366; baseline -0.008 -19"><span class='ocrx_word' id='word_1_238' title='bbox 336 3295 377 3347; x_wconf 79' lang='lat' dir='ltr'>vel</span> <span class='ocrx_word' id='word_1_239' title='bbox 389 3315 417 3347; x_wconf 85' lang='lat' dir='ltr'>ea</span> <span class='ocrx_word' id='word_1_240' title='bbox 428 3291 509 3347; x_wconf 86' lang='lat' dir='ltr'>animi</span> <span class='ocrx_word' id='word_1_241' title='bbox 517 3307 612 3350; x_wconf 71' lang='lat' dir='ltr'>uotum</span> <span class='ocrx_word' id='word_1_242' title='bbox 621 3294 675 3362; x_wconf 82' lang='lat' dir='ltr'>sei,</span> <span class='ocrx_word' id='word_1_243' title='bbox 687 3295 730 3366; x_wconf 91' lang='lat' dir='ltr'>qui</span> <span class='ocrx_word' id='word_1_244' title='bbox 742 3295 844 3365; x_wconf 82' lang='lat' dir='ltr'>quidem</span> <span class='ocrx_word' id='word_1_245' title='bbox 893 3293 1038 3346; x_wconf 76' lang='lat' dir='ltr'>referamus.</span> <span class='ocrx_word' id='word_1_246' title='bbox 1047 3315 1060 3341; x_wconf 74' lang='lat' dir='ltr'>s</span> <span class='ocrx_word' id='word_1_247' title='bbox 1076 3293 1162 3362; x_wconf 84' lang='lat' dir='ltr'>Quum</span> <span class='ocrx_word' id='word_1_248' title='bbox 1175 3293 1260 3348; x_wconf 78' lang='lat' dir='ltr'>offitia</span> <span class='ocrx_word' id='word_1_249' title='bbox 1279 3307 1303 3346; x_wconf 89' lang='lat' dir='ltr'>et</span> <span class='ocrx_word' id='word_1_250' title='bbox 1318 3291 1395 3344; x_wconf 84' lang='lat' dir='ltr'>hone-</span> 
     </span>
     <span class='ocr_line' id='line_1_28' title="bbox 336 3371 1393 3444; baseline 0.003 -21"><span class='ocrx_word' id='word_1_251' title='bbox 336 3371 410 3444; x_wconf 86' lang='lat' dir='ltr'>plane</span> <span class='ocrx_word' id='word_1_252' title='bbox 433 3393 486 3424; x_wconf 89' lang='lat' dir='ltr'>non</span> <span class='ocrx_word' id='word_1_253' title='bbox 509 3371 655 3426; x_wconf 79' lang='lat' dir='ltr'>induruerit</span> <span class='ocrx_word' id='word_1_254' title='bbox 673 3371 701 3425; x_wconf 92' lang='lat' dir='ltr'>in</span> <span class='ocrx_word' id='word_1_255' title='bbox 723 3393 841 3444; x_wconf 83' lang='lat' dir='ltr'>pravum,</span> <span class='ocrx_word' id='word_1_256' title='bbox 893 3373 1261 3444; x_wconf 78' lang='lat' dir='ltr'>stum,earatioue,tanquam</span> <span class='ocrx_word' id='word_1_257' title='bbox 1270 3371 1393 3426; x_wconf 60' lang='lat' dir='ltr'>ptoloms</span> 
     </span>
     <span class='ocr_line' id='line_1_29' title="bbox 335 3447 1251 3523; baseline 0 -21"><span class='ocrx_word' id='word_1_258' title='bbox 335 3451 476 3519; x_wconf 85' lang='lat' dir='ltr'>loquuntur</span> <span class='ocrx_word' id='word_1_259' title='bbox 484 3451 629 3515; x_wconf 55' lang='lat' dir='ltr'>sententia)</span> <span class='ocrx_word' id='word_1_260' title='bbox 640 3464 738 3516; x_wconf 88' lang='lat' dir='ltr'>notum,</span> <span class='ocrx_word' id='word_1_261' title='bbox 750 3464 774 3503; x_wconf 84' lang='lat' dir='ltr'>et</span> <span class='ocrx_word' id='word_1_262' title='bbox 784 3469 846 3523; x_wconf 75' lang='lat' dir='ltr'>gen·</span> <span class='ocrx_word' id='word_1_263' title='bbox 893 3466 948 3512; x_wconf 85' lang='lat' dir='ltr'>suo,</span> <span class='ocrx_word' id='word_1_264' title='bbox 961 3447 1125 3504; x_wconf 81' lang='lat' dir='ltr'>deducantur.</span> <span class='ocrx_word' id='word_1_265' title='bbox 1136 3451 1251 3520; x_wconf 67' lang='lat' dir='ltr'>Sclqlt..</span> 
     </span>
     <span class='ocr_line' id='line_1_30' title="bbox 335 3525 1396 3599; baseline 0.007 -22"><span class='ocrx_word' id='word_1_266' title='bbox 335 3526 396 3577; x_wconf 87' lang='lat' dir='ltr'>tium</span> <span class='ocrx_word' id='word_1_267' title='bbox 406 3545 528 3580; x_wconf 82' lang='lat' dir='ltr'>consensu</span> <span class='ocrx_word' id='word_1_268' title='bbox 539 3529 728 3599; x_wconf 82' lang='lat' dir='ltr'>comprobatum</span> <span class='ocrx_word' id='word_1_269' title='bbox 738 3541 782 3582; x_wconf 87' lang='lat' dir='ltr'>est.</span> <span class='ocrx_word' id='word_1_270' title='bbox 793 3528 845 3582; x_wconf 84' lang='lat' dir='ltr'>Nee</span> <span class='ocrx_word' id='word_1_271' title='bbox 926 3525 950 3576; x_wconf 82' lang='lat'>3·</span> <span class='ocrx_word' id='word_1_272' title='bbox 968 3526 1107 3596; x_wconf 78' lang='lat' dir='ltr'>Tanquam</span> <span class='ocrx_word' id='word_1_273' title='bbox 1128 3547 1202 3597; x_wconf 61' lang='lat' dir='ltr'>aeger,</span> <span class='ocrx_word' id='word_1_274' title='bbox 1225 3531 1336 3584; x_wconf 59' lang='lat' dir='ltr'>vinem</span> <span class='ocrx_word' id='word_1_275' title='bbox 1354 3537 1396 3572; x_wconf 62' lang='grc' dir='ltr'>ω·</span> 
     </span>
     <span class='ocr_line' id='line_1_31' title="bbox 336 3593 1396 3678; baseline 0.006 -24"><span class='ocrx_word' id='word_1_276' title='bbox 336 3613 372 3655; x_wconf 84' lang='lat' dir='ltr'>eet</span> <span class='ocrx_word' id='word_1_277' title='bbox 393 3604 464 3656; x_wconf 81' lang='lat' dir='ltr'>aliod</span> <span class='ocrx_word' id='word_1_278' title='bbox 484 3621 560 3674; x_wconf 82' lang='lat' dir='ltr'>qnam</span> <span class='ocrx_word' id='word_1_279' title='bbox 579 3616 729 3678; x_wconf 71' lang='lat' dir='ltr'>preceptum</span> <span class='ocrx_word' id='word_1_280' title='bbox 742 3605 845 3658; x_wconf 80' lang='lat' dir='ltr'>rationis</span> <span class='ocrx_word' id='word_1_281' title='bbox 890 3611 960 3668; x_wconf 77' lang='lat' dir='ltr'>plus.</span> <span class='ocrx_word' id='word_1_282' title='bbox 969 3603 1154 3672; x_wconf 80' lang='lat' dir='ltr'>Quintilianus,</span> <span class='ocrx_word' id='word_1_283' title='bbox 1162 3605 1247 3671; x_wconf 86' lang='lat' dir='ltr'>lib.V,</span> <span class='ocrx_word' id='word_1_284' title='bbox 1257 3625 1312 3676; x_wconf 85' lang='lat' dir='ltr'>eap·</span> <span class='ocrx_word' id='word_1_285' title='bbox 1324 3617 1361 3660; x_wconf 69' lang='lat'>¹⁰2</span> <span class='ocrx_word' id='word_1_286' title='bbox 1371 3593 1396 3648; x_wconf 63' lang='lat'>5¹¹</span> 
     </span>
     <span class='ocr_line' id='line_1_32' title="bbox 336 3671 1395 3759; baseline 0.002 -25"><span class='ocrx_word' id='word_1_287' title='bbox 336 3682 445 3735; x_wconf 79' lang='lat' dir='ltr'>reetasin</span> <span class='ocrx_word' id='word_1_288' title='bbox 458 3683 610 3735; x_wconf 74' lang='lat' dir='ltr'>moralibus:</span> <span class='ocrx_word' id='word_1_289' title='bbox 622 3694 666 3747; x_wconf 90' lang='lat' dir='ltr'>nt,</span> <span class='ocrx_word' id='word_1_290' title='bbox 681 3703 694 3728; x_wconf 73' lang='lat' dir='ltr'>a</span> <span class='ocrx_word' id='word_1_291' title='bbox 707 3683 792 3735; x_wconf 86' lang='lat' dir='ltr'>Deum</span> <span class='ocrx_word' id='word_1_292' title='bbox 804 3703 846 3736; x_wconf 86' lang='lat' dir='ltr'>eo·</span> <span class='ocrx_word' id='word_1_293' title='bbox 894 3680 940 3733; x_wconf 81' lang='lat' dir='ltr'>hac</span> <span class='ocrx_word' id='word_1_294' title='bbox 951 3682 1101 3751; x_wconf 70' lang='lat' dir='ltr'>questione,</span> <span class='ocrx_word' id='word_1_295' title='bbox 1119 3683 1175 3757; x_wconf 84' lang='lat' dir='ltr'>aliis</span> <span class='ocrx_word' id='word_1_296' title='bbox 1188 3671 1395 3759; x_wconf 59' lang='lat' dir='ltr'>uiamsxeeptisj</span> 
     </span>
     <span class='ocr_line' id='line_1_33' title="bbox 336 3758 1395 3831; baseline 0.007 -20"><span class='ocrx_word' id='word_1_297' title='bbox 336 3759 416 3824; x_wconf 86' lang='lat' dir='ltr'>lunto,</span> <span class='ocrx_word' id='word_1_298' title='bbox 430 3773 543 3827; x_wconf 86' lang='lat' dir='ltr'>parentes</span> <span class='ocrx_word' id='word_1_299' title='bbox 556 3760 783 3814; x_wconf 64' lang='lat' dir='ltr'>losannensis</span> <span class='ocrx_word' id='word_1_300' title='bbox 794 3780 846 3831; x_wconf 85' lang='lat' dir='ltr'>ap·</span> <span class='ocrx_word' id='word_1_301' title='bbox 893 3758 968 3812; x_wconf 87' lang='lat' dir='ltr'>nibus</span> <span class='ocrx_word' id='word_1_302' title='bbox 980 3760 1068 3825; x_wconf 86' lang='lat' dir='ltr'>utitur,</span> <span class='ocrx_word' id='word_1_303' title='bbox 1080 3762 1101 3813; x_wconf 88' lang='lat' dir='ltr'>ai</span> <span class='ocrx_word' id='word_1_304' title='bbox 1115 3760 1202 3827; x_wconf 86' lang='lat' dir='ltr'>miles,</span> <span class='ocrx_word' id='word_1_305' title='bbox 1224 3762 1245 3814; x_wconf 87' lang='lat' dir='ltr'>si</span> <span class='ocrx_word' id='word_1_306' title='bbox 1266 3763 1363 3818; x_wconf 68' lang='lat' dir='ltr'>intans,</span> <span class='ocrx_word' id='word_1_307' title='bbox 1376 3767 1395 3802; x_wconf 80' lang='lat'>⁸¹</span> 
     </span>
     <span class='ocr_line' id='line_1_34' title="bbox 336 3836 1318 3911; baseline 0 -23"><span class='ocrx_word' id='word_1_308' title='bbox 336 3848 405 3908; x_wconf 85' lang='lat' dir='ltr'>paret</span> <span class='ocrx_word' id='word_1_309' title='bbox 416 3855 467 3890; x_wconf 87' lang='lat' dir='ltr'>esse</span> <span class='ocrx_word' id='word_1_310' title='bbox 479 3839 547 3910; x_wconf 81' lang='lat' dir='ltr'>quorl</span> <span class='ocrx_word' id='word_1_311' title='bbox 558 3839 635 3911; x_wconf 73' lang='lat' dir='ltr'>vulgo</span> <span class='ocrx_word' id='word_1_312' title='bbox 646 3836 846 3910; x_wconf 81' lang='lat' dir='ltr'>appellantposi-</span> <span class='ocrx_word' id='word_1_313' title='bbox 894 3837 991 3910; x_wconf 87' lang='lat' dir='ltr'>reipub.</span> <span class='ocrx_word' id='word_1_314' title='bbox 1004 3858 1079 3892; x_wconf 82' lang='lat' dir='ltr'>eausa</span> <span class='ocrx_word' id='word_1_315' title='bbox 1089 3839 1161 3893; x_wconf 80' lang='lat' dir='ltr'>altsit.</span> <span class='ocrx_word' id='word_1_316' title='bbox 1173 3842 1209 3894; x_wconf 86' lang='grc' dir='ltr'>Ν.</span> <span class='ocrx_word' id='word_1_317' title='bbox 1220 3839 1318 3894; x_wconf 78' lang='lat' dir='ltr'>Faber.</span> 
     </span>
     <span class='ocr_line' id='line_1_35' title="bbox 335 3897 1394 3989; baseline 0.006 -21"><span class='ocrx_word' id='word_1_318' title='bbox 335 3918 425 3974; x_wconf 75' lang='lat' dir='ltr'>lirum,</span> <span class='ocrx_word' id='word_1_319' title='bbox 439 3936 468 3968; x_wconf 82' lang='lat' dir='ltr'>er</span> <span class='ocrx_word' id='word_1_320' title='bbox 479 3933 533 3984; x_wconf 88' lang='lat' dir='ltr'>quo</span> <span class='ocrx_word' id='word_1_321' title='bbox 546 3916 585 3989; x_wconf 88' lang='lat' dir='ltr'>jus</span> <span class='ocrx_word' id='word_1_322' title='bbox 596 3916 713 3986; x_wconf 67' lang='lat' dir='ltr'>gentium</span> <span class='ocrx_word' id='word_1_323' title='bbox 723 3915 846 3969; x_wconf 78' lang='lat' dir='ltr'>secunda·</span> <span class='ocrx_word' id='word_1_324' title='bbox 929 3921 952 3984; x_wconf 72' lang='grc'>4.</span> <span class='ocrx_word' id='word_1_325' title='bbox 972 3897 1036 3971; x_wconf 74' lang='lat' dir='ltr'>Filia·</span> <span class='ocrx_word' id='word_1_326' title='bbox 1054 3923 1101 3972; x_wconf 70' lang='lat' dir='ltr'>lex</span> <span class='ocrx_word' id='word_1_327' title='bbox 1121 3923 1324 3974; x_wconf 72' lang='lat' dir='ltr'>excusationem·</span> <span class='ocrx_word' id='word_1_328' title='bbox 1335 3905 1394 3964; x_wconf 59' lang='grc' dir='ltr'>ΠΜ</span> 
     </span>
     <span class='ocr_line' id='line_1_36' title="bbox 334 3985 1395 4072; baseline 0.008 -28"><span class='ocrx_word' id='word_1_329' title='bbox 334 3989 400 4044; x_wconf 85' lang='lat' dir='ltr'>rium</span> <span class='ocrx_word' id='word_1_330' title='bbox 412 3993 584 4058; x_wconf 79' lang='lat' dir='ltr'>manavit,uti</span> <span class='ocrx_word' id='word_1_331' title='bbox 595 3993 689 4048; x_wconf 79' lang='lat' dir='ltr'>dietum</span> <span class='ocrx_word' id='word_1_332' title='bbox 700 4014 708 4058; x_wconf 63' lang='grc' dir='ltr'><strong>ς</strong></span> <span class='ocrx_word' id='word_1_333' title='bbox 720 3998 844 4065; x_wconf 78' lang='lat' dir='ltr'>oeqreitas,</span> <span class='ocrx_word' id='word_1_334' title='bbox 886 3995 948 4062; x_wconf 84' lang='lat' dir='ltr'>filii</span> <span class='ocrx_word' id='word_1_335' title='bbox 967 3995 997 4047; x_wconf 83' lang='lat' dir='ltr'>ad</span> <span class='ocrx_word' id='word_1_336' title='bbox 1018 3999 1217 4050; x_wconf 56' lang='lat' dir='ltr'>exemenonem</span> <span class='ocrx_word' id='word_1_337' title='bbox 1234 3985 1359 4072; x_wconf 48' lang='lat' dir='ltr'>‘pertinet&#39;</span> <span class='ocrx_word' id='word_1_338' title='bbox 1376 3991 1395 4034; x_wconf 77' lang='lat'>‘¹</span> 
     </span>
     <span class='ocr_line' id='line_1_37' title="bbox 332 4059 1395 4143; baseline 0.002 -23"><span class='ocrx_word' id='word_1_339' title='bbox 332 4075 447 4134; x_wconf 77' lang='lat' dir='ltr'>justum,</span> <span class='ocrx_word' id='word_1_340' title='bbox 462 4074 543 4134; x_wconf 73' lang='lat' dir='ltr'>nuto,</span> <span class='ocrx_word' id='word_1_341' title='bbox 561 4071 592 4123; x_wconf 85' lang='lat' dir='ltr'>ad</span> <span class='ocrx_word' id='word_1_342' title='bbox 605 4070 788 4124; x_wconf 81' lang='lat' dir='ltr'>consideranda</span> <span class='ocrx_word' id='word_1_343' title='bbox 801 4071 846 4140; x_wconf 77' lang='lat' dir='ltr'>ju·</span> <span class='ocrx_word' id='word_1_344' title='bbox 895 4072 1123 4143; x_wconf 64' lang='lat' dir='ltr'>mellemdeoefils&#39;i</span> <span class='ocrx_word' id='word_1_345' title='bbox 1131 4059 1395 4128; x_wconf 52' lang='lat' dir='ltr'>exeusationem&amp;-</span> 
     </span>
     <span class='ocr_line' id='line_1_38' title="bbox 336 4144 1395 4224; baseline 0.007 -31"><span class='ocrx_word' id='word_1_346' title='bbox 336 4144 369 4194; x_wconf 87' lang='lat' dir='ltr'>ris</span> <span class='ocrx_word' id='word_1_347' title='bbox 382 4158 476 4201; x_wconf 75' lang='lat' dir='ltr'>natum</span> <span class='ocrx_word' id='word_1_348' title='bbox 485 4159 605 4222; x_wconf 69' lang='lat' dir='ltr'>precepta</span> <span class='ocrx_word' id='word_1_349' title='bbox 613 4149 845 4224; x_wconf 81' lang='lat' dir='ltr'>pertinent.Revise</span> <span class='ocrx_word' id='word_1_350' title='bbox 895 4164 945 4206; x_wconf 82' lang='lat' dir='ltr'>tarn</span> <span class='ocrx_word' id='word_1_351' title='bbox 958 4154 1068 4222; x_wconf 71' lang='lat' dir='ltr'>lexfilr&#39;s‘</span> <span class='ocrx_word' id='word_1_352' title='bbox 1087 4171 1245 4224; x_wconf 82' lang='lat' dir='ltr'>nequaquam</span> <span class='ocrx_word' id='word_1_353' title='bbox 1265 4147 1395 4219; x_wconf 59' lang='lat' dir='ltr'>intelligere</span> 
     </span>
    </p>
   </div>
   <div class='ocr_carea' id='block_1_5' title="bbox 0 0 1442 4814">
    <p class='ocr_par' dir='ltr' id='par_1_6' title="bbox 0 0 1442 4814">
     <span class='ocr_line' id='line_1_39' title="bbox 0 0 1442 4814; baseline 0 0"><span class='ocrx_word' id='word_1_354' title='bbox 0 0 1442 4814; x_wconf 95' lang='lat' dir='ltr'> </span> 
     </span>
    </p>
   </div>
  </div>
 </body>
</html>
