2878 4816
280 437 346 522 ool
579 423 631 503 M.
652 435 797 506 ANNAEI
820 436 1002 504 suasca:

279 563 418 635 ctsndas
432 587 493 660 per
511 586 547 631 se
564 586 656 646 esse,
676 565 704 631 si
720 563 794 632 haec
810 562 934 631 molier
948 563 1064 656 injusti
1083 553 1243 657 repudii'
1260 585 1352 656 age-

280 699 351 766 ret,
373 705 441 750 uon
457 682 596 776 ingrati.
624 681 675 758 lta
698 705 767 748 non
783 682 945 772 quaeritur
965 671 1014 748 an¹
1026 681 1201 776 legitime,
1225 679 1288 750 sed
1303 707 1350 750 an

206 859 211 874 ,
280 799 413 890 ingrate
429 793 565 864 dimissa
578 783 644 882 sit3
664 796 780 886 itaque
798 796 836 861 in
858 795 1027 886 aequitatis
1040 796 1275 864 metationem
1288 819 1350 864 ca·

280 910 384 997 dunt,
398 913 497 980 etiam
513 935 587 1002 quae
598 911 687 1003 juris
701 924 792 976 sunt.
808 911 891 978 Nam
906 935 1012 1002 quum
1027 912 1204 1003 quaeritur,
1216 910 1271 979 Au
1286 933 1347 1004 po-

278 1027 382 1096 tuerit
396 1025 467 1094 hmo
481 1025 626 1107 dimitti,
649 1025 747 1092 etiam
767 1025 795 1092 si
810 1024 929 1110 licuit3
944 1041 1104 1119 apparet,
1121 1024 1215 1117 quod
1227 1027 1351 1117 utique

278 1166 346 1210 non
359 1142 524 1235 oportuit,
540 1143 569 1208 si
582 1163 626 1207 ne
641 1140 739 1209 licuit
754 1137 906 1232 quidem.

326 1259 486 1327 Audurus
504 1256 741 1325 decentissime
760 1255 839 1322 lecit
853 1279 860 1318 ι
876 1255 1004 1326 solebat
1018 1257 1109 1324 enim
1128 1257 1201 1324 iere
1221 1258 1258 1324 in
1281 1256 1350 1324 ali-

281 1399 364 1466 quas
380 1375 506 1468 figuras
523 1372 798 1441 declamationem
814 1368 1029 1454 describere,
1046 1387 1080 1440 et
1097 1371 1193 1465 prius
1207 1373 1279 1462 egit
1292 1372 1352 1440 iu-

277 1491 361 1584 justi
385 1469 536 1584 repudii,
562 1489 686 1558 deinde
703 1489 829 1581 ingrati
849 1515 856 1554 :
874 1490 911 1557 in
930 1488 1053 1581 quibus
1070 1503 1166 1581 putat
1181 1505 1281 1570 esse,
1303 1511 1350 1556 au

281 1605 387 1675 ullum
402 1603 605 1674 beneficium
621 1606 696 1671 viro
710 1604 915 1687 contulerit,
932 1627 952 1672 a
967 1627 1036 1696 quo
1055 1620 1213 1696 tauquam
1228 1605 1351 1694 inique

282 1724 432 1792 dimissa.¹
452 1723 518 1790 Hic
529 1744 645 1788 omues
658 1722 861 1812 questiones
873 1720 918 1788 ad
931 1721 1141 1790 sterilitatem
1158 1734 1192 1788 et
1205 1721 1352 1790 aestima·

280 1841 406 1909 tionem
429 1838 654 1930 quinquennii
675 1837 886 1929 pertinentes
903 1836 1010 1906 libere
1025 1837 1203 1919 tractavit,
1221 1833 1353 1906 deinde

285 1958 419 2025 transiit
436 1958 471 2022 iu
490 1956 614 2048 ingrati
632 1955 892 2022 accusationem.

330 2073 493 2142 COLOR.
505 2073 710 2164 Casuruspro
719 2072 794 2136 viro
805 2069 994 2138 introduxit
1003 2069 1248 2162 colorem.Quo
1264 2087 1351 2138 tem·

281 2211 363 2282 pore
373 2211 458 2254 uxor
468 2201 555 2254 torta
566 2201 629 2272 est,
636 2186 723 2252 uihil
733 2183 894 2254 adhucde
903 2183 1130 2276 tyrannicidio
1140 2183 1349 2276 cogitabums

281 2317 396 2394 postea
413 2290 578 2392 cogitavi,
598 2315 632 2366 et
645 2300 719 2367 haec
732 2300 805 2391 ipsa
833 2296 1006 2391 cogitandi
1034 2321 1133 2366 causa
1153 2296 1219 2365 luit
1232 2299 1365 2372 uxoris¹

280 2419 377 2486 ultio.
389 2420 578 2509 Utrumque
588 2433 740 2484 secutum
753 2432 822 2498 cst,
838 2431 876 2483 ut
891 2415 949 2482 illa
961 2415 1081 2484 marito
1103 2419 1115 2448 ²
1130 2412 1349 2482 insolentiam

280 2536 447 2628 imputare
466 2555 532 2602 non
554 2548 686 2625 posset,
711 2531 850 2598 maritus
866 2530 917 2596 illi
939 2527 1202 2624 tyrannicidium
1217 2546 1347 2622 posset.

327 2655 438 2720 Lamo
457 2651 541 2718 dixit
558 2676 566 2718 ε
583 2650 617 2741 δί
627 2629 704 2742 ᾗαιιί
722 2664 791 2716 tum
813 2645 856 2716 de
874 2645 1101 2742 tyrannicidio
1119 2645 1349 2737 cogitassem,

205 2843 210 2848 ,
277 2769 373 2837 uxori
388 2790 458 2834 oon
471 2763 685 2833 indicassem.

327 2884 490 2950 Faunum
511 2881 738 2946 Puxxosornos
758 2876 905 2946 colorem
924 2881 1030 2971 magis
1053 2855 1143 2948 bono
1170 2880 1246 2947 viro
1266 2903 1351 2948 con-

278 2997 469 3065 venientem
484 2990 690 3075 introduxit,
707 3017 809 3084 quam
825 2995 950 3063 oratori
966 2993 1103 3064 csllido.
1120 2996 1215 3064 Dixit
1230 2996 1346 3076 enim,

278 3130 312 3181 et
334 3113 499 3205 cogitasse
523 3108 809 3201 tyrannicidium,
831 3125 865 3177 et
883 3113 980 3179 uxori
994 3112 1160 3180 indicasse
1177 3137 1185 3178 ι
1202 3125 1238 3178 et
1251 3111 1349 3182 illam

278 3246 350 3298 tum
361 3225 498 3319 quidem
512 3227 644 3313 fecisse,
661 3226 752 3320 quod
765 3226 905 3319 probam
927 3226 1085 3295 seminam
1108 3226 1221 3296 lacere
1241 3251 1351 3321 opor·

278 3345 344 3413 tuit
361 3371 369 3410 z
385 3369 477 3412 nune
499 3367 662 3439 peccare,
685 3342 777 3440 quod
790 3357 887 3436 putet
901 3342 1107 3420 beneficium
1126 3365 1221 3425 esse,
1248 3359 1347 3412 recte

278 3459 400 3540 lacere.
418 3459 483 3527 Hic
501 3459 594 3528 color
617 3457 667 3525 illi
691 3474 724 3524 et
746 3457 805 3524 illa
824 3474 920 3551 parte
940 3457 1122 3551 profuisset
1140 3485 1148 3526 ε
1164 3458 1200 3526 si
1214 3457 1351 3526 henefi-

276 3577 366 3645 cium
385 3591 482 3669 putas
501 3590 533 3641 te
551 3573 709 3660 dedisse,
731 3573 822 3668 quod
847 3574 1113 3666 tyrannicidium
1135 3598 1202 3642 non
1227 3573 1351 3667 prodi-

277 3692 357 3762 disti
375 3719 383 3760 :
401 3714 464 3785 ego
490 3691 585 3783 prior
610 3685 710 3771 dedi,
737 3691 796 3782 qui
821 3690 884 3758 tibi
909 3691 1177 3784 tyrannicidium
1189 3689 1347 3773 credidi,

315 3903 336 3936 t.
344 3885 441 3949 Iniusti
445 3883 553 3952 repudii.
563 3881 603 3933 Ab
610 3877 783 3933 aedonccrlim
867 3903 890 3935 a.
904 3883 941 3935 Ut
950 3886 998 3936 itta
1008 3889 1105 3937 marito
1113 3886 1289 3939 insolentium.
1299 3885 1349 3938 lae·

276 3963 307 4015 lis
315 3981 409 4014 nomeu
419 3960 517 4031 acepit.
527 3959 588 4030 agit
595 3972 678 4012 autem
683 3960 782 4024 mulier,
833 3979 864 4034 ge
875 3975 882 4008 τ
892 3962 1031 4014 silentium.
1042 3959 1143 4014 Etenim
1153 3962 1174 4014 si
1184 3963 1295 4014 necdum
1306 3985 1351 4017 eo·

277 4040 335 4111 quia
355 4039 448 4112 injuste
466 4036 611 4110 repudiatur
623 4037 662 4090 vel
673 4037 784 4108 ingrate:
833 4039 954 4111 gitaverat
969 4039 1001 4091 dc
1018 4053 1127 4114 tyranno
1140 4041 1283 4095 occidendo
1295 4063 1352 4095 ma·

276 4116 384 4190 injusta,
403 4117 426 4170 si
439 4129 527 4170 contra
541 4114 609 4186 leges
620 4132 627 4166 ι
637 4115 750 4188 ingrate,
763 4117 785 4169 si
834 4120 911 4185 ritus,
931 4137 1013 4190 neque
1032 4118 1167 4172 consilium
1185 4119 1352 4174 hoesilomt

276 4208 361 4249 contra
371 4194 452 4252 bonos
462 4215 552 4248 mores.
566 4195 601 4249 N.
616 4193 709 4248 Faber.
833 4214 904 4262 uxor,
913 4196 1009 4269 quippe
1028 4196 1097 4268 quod
1110 4209 1199 4250 natum
1215 4197 1348 4252 hauddum
