2878 4816
241 436 687 506 CONTROVERSIARUM
711 435 804 506 uu!
820 440 877 524 ΙΙ,
902 465 935 530 9.
1069 436 1132 526 169

52 591 112 636 uon
130 554 295 660 praesidio
313 591 322 630 t
341 581 434 633 tanta
451 565 593 634 altitudo
606 563 829 634 aedificiorum
847 571 855 602 ¹
874 579 941 649 est,
963 579 1129 656 tantaeque

1 753 2 756 ,
53 686 180 753 viarum
192 683 385 776 angustiae‚
405 699 444 750 ut
461 707 573 775 neque
595 683 759 752 adversus
778 685 891 776 ignem
913 682 1132 778 praesidium,

52 823 159 891 neque
177 823 220 867 ex
236 799 348 866 ruinis
366 797 473 865 ullum
492 798 595 866 ullam
616 799 653 865 in
672 815 803 892 partem
821 799 983 892 effirgium
1004 799 1060 866 sit.
1079 794 1132 866 Ad

53 914 190 984 delicias
205 914 377 982 dementis
390 914 531 1000 luxpriae
547 915 634 1008 lapis
649 915 759 983 omnis
773 915 918 995 eruitur,
940 912 1133 982 oaeduntur·

52 1057 112 1125 qne
129 1033 292 1126 gentium
308 1031 401 1100 silvae
413 1059 421 1098 :
434 1033 511 1098 aeris
526 1032 677 1123 ferrique
692 1055 792 1116 usus,
804 1033 874 1125 jam
891 1033 965 1100 auri
981 1055 1131 1124 quoque,

53 1151 85 1216 in
96 1149 318 1217 exstruendis
333 1164 367 1216 et
381 1147 587 1216 decorandis
602 1147 778 1234 domibus,
794 1172 916 1242 nempe
934 1167 969 1218 ut
980 1149 1070 1217 anxii
1082 1149 1138 1216 in-

53 1266 163 1334 terdiu
180 1283 217 1334 et
233 1281 334 1332 noete
354 1265 487 1332 ruinam
501 1265 685 1356 ignemque
700 1281 873 1346 metuant,
894 1267 954 1357 qui
973 1267 1070 1335 tectis
1087 1267 1140 1333 in-

51 1381 157 1473 jectus
172 1397 228 1450 est
240 1381 413 1448 fortuitus.
430 1382 519 1448 Hinc
533 1398 567 1449 ct
581 1383 715 1450 vieina²
733 1381 871 1450 urbium
885 1381 1016 1451 excidia
1033 1399 1134 1452 sunt:

56 1500 180 1593 qnippe
199 1521 272 1566 non
291 1495 447 1565 defendis
460 1499 541 1580 uni,
569 1496 630 1566 sed
657 1499 693 1565 in
712 1500 884 1566 communi
904 1499 1056 1592 periculo
1071 1510 1138 1591 ap*-

55 1615 267 1709 prehendam
284 1641 292 1684 :
310 1615 492 1708 hostesque
509 1614 621 1683 aliena
640 1618 727 1684 etin
748 1639 807 1683 sua
829 1615 950 1684 damna
971 1613 1136 1683 validiora

58 1733 228 1800 ceduntur
237 1733 319 1817 alia,
336 1731 478 1824 ipsaque
492 1757 597 1830 quum
612 1734 754 1800 maxime
768 1733 926 1826 flagrant,
940 1730 1086 1826 spolium
1100 1755 1141 1798 ex

56 1849 175 1917 alienis
194 1844 312 1916 ruinis
322 1848 449 1916 serunt.
470 1851 511 1916 In
531 1845 595 1917 hus
608 1873 690 1944 ergo
710 1851 819 1918 exitus
837 1851 951 1918 varius
969 1849 1027 1916 ille
1041 1866 1162 1939 seca-⁸

57 1965 230 2059 turiapis,
257 1981 297 2032 ut
322 1969 415 2033 tenui
434 1966 545 2034 fronte
569 1968 732 2060 parietem
754 1983 864 2060 tegat,
893 1989 994 2058 quam
1017 1964 1141 2031 vinetis

58 2106 173 2151 serere
188 2085 227 2149 in
243 2082 312 2151 hoc
332 2085 563 2175 pavimentum
580 2084 726 2151 levatum
746 2101 780 2152 et
795 2084 944 2152 infusum
964 2085 1060 2150 tectis
1079 2105 1141 2150 au-

57 2223 143 2267 rum.
156 2197 189 2269 0
200 2215 405 2293 paupertas,
422 2224 523 2292 quum
538 2193 692 2294 ignotum
712 2197 907 2291 bonumes!
926 2199 1139 2292 Quinetiam

1 2355 2 2364 κ
57 2333 186 2385 montes
199 2316 365 2408 silvaeque
375 2318 410 2384 in
424 2316 579 2385 domibus
594 2316 754 2386 marcidis
767 2312 779 2352 ³
797 2333 832 2384 et
845 2317 966 2385 umbra
978 2317 1140 2408 fumoque

58 2433 240 2501 viridibus
260 2430 304 2523 [*
316 2433 407 2524 Quid
410 2433 566 2522 faciam?
577 2428 618 2503 Si
625 2457 783 2524 paruero,
801 2433 998 2500 abdioador:
1008 2450 1141 2526 patrem

58 2577 144 2633 amo,
163 2551 235 2618 boec
254 2569 305 2618 est
322 2555 527 2618 contumacia
546 2551 655 2642 mem]
675 2553 721 2621 Ut
741 2554 846 2620 maria
863 2565 1048 2643 amnesque
1064 2575 1143 2618 mu-

60 2683 183 2752 tentur,
204 2669 264 2742 rix
282 2691 416 2761 possum
431 2667 573 2736 credere
592 2692 797 2761 quemquam
810 2668 935 2736 uidisse
957 2667 1059 2734 silvas
1078 2658 1141 2760 pa-

61 2803 236 2878 tentesque
261 2809 397 2880 campos
416 2809 501 2878 quos
526 2785 667 2879 rapidus
684 2787 794 2854 amnis
815 2811 854 2854 ex
873 2773 1066 2878 praecipiti,
1086 2783 1141 2852 vel

61 2928 160 2994 quum
175 2905 215 2971 in
231 2903 333 2996 plana
349 2904 481 2971 infusus
495 2922 564 2984 est,
575 2903 730 2997 placidus
743 2904 911 2972 interfluit
927 2931 935 2971 ι
953 2927 1022 2971 nou
1035 2905 1141 2972 maria

60 3045 209 3114 unquam
224 3045 267 3088 ex
278 3020 364 3089 colle
377 3021 503 3090 vidisse
519 3021 585 3090 iata
598 3029 656 3089 aut
669 3021 827 3106 hiberna,
839 3047 944 3114 quum
957 3023 1068 3089 ventis
1078 3045 1142 3115 pe-

62 3140 147 3206 nitus
156 3140 286 3232 agitata
296 3153 386 3205 sunt.
399 3137 487 3230 Quis
497 3140 586 3206 euim
599 3155 666 3218 tam
681 3142 795 3232 parvis
805 3139 976 3207 oblectare
991 3139 1141 3207 animum

95 3334 114 3365 r.
138 3313 234 3366 Tanta
260 3315 373 3366 altitudo
396 3315 577 3384 oedficiorum.
625 3317 751 3384 ipsoque,
771 3329 817 3367 etc.
830 3315 946 3368 Gronov.
963 3319 1058 3385 quippe
1070 3335 1146 3368 nemo
1186 3367 1191 3380 ,

67 3395 189 3465 Angustus
213 3391 300 3445 Caesar
316 3391 423 3444 modurn
439 3391 577 3464 'altitudini
626 3395 740 3465 defendit
749 3413 817 3458 sua,
832 3397 907 3446 ssd..
916 3396 1081 3460 prodantur,
1094 3395 1145 3446 do-

65 3469 227 3526 edificiorum
241 3469 342 3536 statuit,
356 3481 385 3522 nt
397 3468 536 3522 Suetonius
554 3483 578 3522 et
626 3484 729 3542 sterque
741 3477 860 3526 alterni...
869 3475 1145 3529 vulidiorihuuedtmt

66 3548 150 3602 Strabo
162 3547 453 3615 iib.V,resert;statuit
463 3560 488 3600 et
499 3550 578 3614 Nero,
628 3555 706 3616 aliis,
731 3555 850 3621 ipsique,
875 3565 922 3604 ete.
937 3551 1035 3604 Schult.
1053 3556 1149 3623 quippe

1 3643 2 3670 t
66 3627 392 3695 utheitus,Annal.XV,
406 3639 460 3700 post
474 3628 581 3681 etTra-
628 3651 680 3682 nors
701 3631 842 3702 defendunt
860 3633 1058 3699 invicem,...nd
1070 3649 1147 3700 prat-

1 3729 2 3778 }
66 3704 134 3778 janus
151 3709 218 3780 Imp.
237 3705 272 3758 ad
292 3705 325 3758 50
345 3703 420 3777 pedes
439 3703 580 3760 altitudinis
630 3709 1044 3778 dom,uthostes,currunt0,·in
1054 3714 1145 3765 als'eno

1 3799 2 3860 ζ
67 3785 151 3838 exstrui
167 3784 304 3859 permisit,
320 3795 349 3835 ut
371 3783 439 3834 Sext·
463 3783 578 3836 Aurelius
628 3788 688 3838 etin
699 3805 749 3838 sua
762 3789 865 3839 damno
875 3791 964 3857 rapids¹
976 3791 1143 3842 :corradun-

67 3851 151 3916 Victor
161 3863 205 3916 sit.
218 3861 322 3938 Sciron,
629 3873 672 3916 tur
683 3865 962 3935 lapsa...flagransia‚·
975 3871 1015 3918 itu
1027 3887 1066 3933 sp.
1080 3877 1129 3917 ste.
1149 3861 1151 3872 '

98 3965 120 3995 s.
129 3945 201 3999 Hinc
207 3953 234 3998 e!
243 3945 334 3998 vics'rsn
344 3981 351 4007 ,
363 3953 411 3994 ste·
420 3941 447 3992 ld
460 3955 495 3995 est
505 3983 512 4008 ,
523 3963 579 4014 pro·
663 3941 687 3996 3.
695 3943 731 3994 In
744 3944 840 3996 domib.
852 3946 977 3998 muricids's
990 3956 1036 3998 ete.
1048 3944 1146 3996 Rursus

1 4058 2 4061 =
69 4020 141 4092 piosa.
150 4023 231 4078 Locus
244 4032 391 4089 corruptus.
400 4017 496 4071 Schott.
505 4019 580 4091 conji-
631 4040 698 4073 nova
709 4019 763 4076 haee
774 4033 811 4074 est
821 4021 973 4094 charybdis,
989 4022 1015 4072 in
1032 4039 1083 4092 qna
1102 4020 1148 4073 diu

69 4098 99 4150 tit
110 4119 117 4152 :
127 4105 218 4174 qnippe
227 4121 281 4154 non
294 4096 448 4170 defensioni,
460 4097 584 4150 sed....ud
631 4097 754 4151 laboravi.
764 4099 882 4152 Tandem
893 4118 923 4151 eo
937 4097 1003 4150 erasi
1014 4134 1021 4164 ,
1033 4110 1061 4150 ut
1072 4098 1144 4151 ritis·

66 4182 177 4245 pradum
184 4175 582 4249 hostesque...coedunturtotia.·
633 4195 702 4246 rem,
721 4178 791 4248 quod
809 4177 903 4230 auxilio
918 4195 970 4231 esse
989 4189 1086 4250 posset,
1103 4197 1150 4234 nee
1243 4195 1246 4200 ·
