2894 4784
295 331 361 400 652
621 338 670 402 M.
697 333 843 402 ANNAEI
866 331 1045 400 SENECAE

295 462 394 528 terim
403 484 472 530 non
485 459 617 556 dubito,
628 464 712 555 quin
726 483 817 529 nune
829 482 889 528 vos
902 459 987 552 ipsu,
1003 483 1078 552 quse
1088 457 1269 527 offensura
1282 473 1382 539 sunt,

294 575 378 644 vitiu
396 575 578 645 delectent.

295 743 814 799 suasoriarumlibrosGontroversiissub·'
851 745 954 794 lectam.
977 738 1134 794 Membrone
1157 739 1293 813 copiosius
1313 739 1381 792 sie:

293 821 384 896 jecisse
399 823 450 898 jorn
470 824 545 878 dorni
570 825 633 892 (Gi.
649 842 707 893 quse
728 843 802 898 supra
851 821 1144 886 Insertmmndnbio,
1161 827 1380 891 que'unurrcvos

296 898 804 975 dictasuntpsg.37).2Mox'etirrnvolgo
853 903 929 972 ipsa,
956 920 1016 971 quoe
1034 901 1170 971 offinsum
1194 911 1278 965 ssent,
1308 905 1379 954 einh

294 978 396 1033 editur:
409 980 482 1033 Nom
494 999 561 1033 nunc
571 1001 619 1034 sor
633 985 708 1053 ἐμω,
722 994 747 1034 et
756 984 806 1034 de-
854 979 983 1031 delectem.
997 975 1093 1030 Sedete.

292 1141 1375 1186 Q

559 1355 563 1364 .
598 1275 927 1366 SUASORIA
969 1281 1058 1368 ΙΙΙ.

355 1467 501 1536 Deliberat
519 1466 734 1547 Agamemnon,
757 1492 795 1530 on
816 1473 994 1555 Iphigeniam
1016 1475 1165 1546 sinmolet,
1188 1487 1331 1560 negam-

575 1574 732 1637 Calchante
747 1579 832 1638 alaier
846 1579 977 1658 noos'gort'
982 1601 1073 1662 posse·

341 1727 481 1796 Arnnnrr
503 1732 616 1799 Fnscr.
639 1733 716 1800 Non
740 1733 777 1800 in
799 1733 898 1802 sliam
917 1734 1145 1804 conditionem
1164 1731 1256 1804 Dens
1277 1732 1371 1804 fudit

292 1865 449 1934 aequora,
469 1870 571 1938 quam
591 1871 635 1915 ne
659 1850 769 1918 omnis
785 1873 826 1917 er
843 1867 922 1918 voto
942 1851 1009 1920 iret
1026 1849 1122 1939 dies3
1144 1873 1208 1918 nec
1228 1873 1269 1918 eu
1296 1874 1371 1920 sors

293 1961 517 2030 mnritsntum
531 1979 598 2050 est,
615 1953 774 2034 caeterum
788 1968 861 2060 ipss
875 1989 945 2036 non
959 1965 1022 2035 sub
1037 1965 1156 2035 endem
1167 1964 1368 2034 conditione
1425 2041 1430 2048 ,

293 2074 403 2146 sidero
418 2096 509 2148 sunt.
530 2080 608 2150 Alia
620 2085 752 2174 negatis
764 2081 931 2152 imbribus
949 2100 1095 2154 exurunt
1109 2084 1236 2166 solum,
1253 2100 1293 2152 et
1307 2085 1369 2152 rni-

293 2193 362 2262 seri
379 2212 525 2264 cremato
540 2199 699 2291 agricole
724 2199 843 2294 legunt
865 2202 1016 2288 semino,
1037 2217 1072 2270 et
1096 2200 1170 2270 haec
1189 2199 1367 2269 interdurn

292 2331 383 2378 anno
395 2308 449 2380 lex
462 2328 512 2380 est
525 2338 534 2379 ε
546 2313 621 2382 aliis
635 2339 754 2384 serens
768 2315 994 2406 clauduntur3
1010 2332 1045 2386 et
1057 2340 1155 2387 omne
1167 2317 1286 2386 erelum
1300 2342 1369 2386 nu·

292 2419 363 2494 bilo
384 2452 508 2522 grave3
534 2431 677 2500 subsidit
697 2432 828 2519 solum,
849 2450 885 2502 et
904 2433 1072 2524 creditum
1095 2432 1161 2502 sibi
1181 2449 1273 2500 terra
1294 2456 1367 2502 non

98 2527 104 2534 ⁸
173 2633 176 2643 1
294 2543 432 2613 retinet¹
452 2545 559 2615 :nlius
573 2549 723 2617 incertus
737 2548 907 2619 sideribus
917 2573 1036 2620 cursus
1053 2566 1119 2634 est,
1137 2564 1172 2617 et
1184 2551 1367 2618 variantur

293 2675 467 2754 ternpore,
487 2687 599 2756 neque
624 2663 710 2734 soles
729 2667 830 2735 nimis
854 2683 1002 2761 urgent,
1026 2691 1138 2760 neque
1155 2666 1247 2735 ultra
1263 2666 1368 2735 debi-

293 2792 365 2846 tum
384 2778 511 2848 imbres
527 2779 651 2848 endunt
668 2807 677 2849 ε
692 2783 863 2875 quidquid
876 2799 1069 2879 asperatum
1082 2799 1164 2854 aestu
1178 2797 1241 2862 est,
1260 2783 1369 2876 quid·

292 2893 377 2987 quid
392 2896 497 2964 nimio
519 2892 660 2965 defluxit
681 2898 812 2982 imbre,
837 2902 982 2970 invicem
1003 2913 1212 2994 temperatur
1227 2897 1365 2984 altero,

292 3009 363 3076 sive
380 3009 425 3076 its
439 3024 558 3077 natura
576 3010 764 3105 disposuit,
785 3015 879 3100 sive,
897 3029 936 3082 ut
949 3013 1074 3102 ierunt,
1089 3012 1171 3080 luna
1185 3035 1288 3080 eursu
1303 3037 1368 3107 ge-

291 3125 359 3191 rit²
378 3151 387 3190 2
403 3149 479 3217 quae
493 3128 565 3200 sive
578 3128 680 3224 plena
694 3129 780 3199 lucis
796 3156 864 3200 suae
883 3147 951 3217 est,
968 3129 1219 3224 splendensque
1231 3131 1367 3223 puriter

289 3240 436 3333 assurgit
449 3242 486 3308 in
504 3265 648 3326 cornus,
669 3246 795 3314 imbres
810 3246 991 3341 prohibet3
1016 3246 1088 3314 sive
1112 3260 1278 3336 occupatu
1298 3269 1367 3313 nu-

289 3355 378 3442 bito,
404 3357 629 3430 sordidiorem
652 3362 801 3432 ostendit
822 3363 938 3432 orbem
962 3386 1082 3446 suum,
1108 3386 1177 3432 non
1191 3377 1273 3432 ante
1287 3363 1366 3432 finit

289 3496 390 3566 quum
402 3473 439 3541 in
452 3475 562 3545 lucem
576 3471 700 3566 redit-³3
717 3481 788 3548 sive
803 3505 847 3550 ne
867 3480 955 3549 lunae
971 3479 1109 3573 quidem
1124 3481 1197 3574 ipsu
1210 3480 1365 3574 potentin

326 3659 347 3692 1.
359 3639 399 3693 Et
408 3644 534 3696 creditum
549 3645 601 3697 sibi
611 3657 681 3699 terro
692 3667 744 3699 non
755 3665 801 3699 re-
851 3646 889 3700 rlit
901 3646 993 3700 deinde
1005 3647 1037 3700 sd
1049 3659 1148 3701 ventos.
1159 3646 1209 3699 Vel
1220 3686 1227 3712 ,
1239 3645 1320 3698 Lora
1332 3665 1367 3698 ets

291 3719 362 3771 tinet.
377 3718 426 3772 Mt.
439 3731 507 3774 ten-o
524 3726 644 3777 sustinet.
660 3725 753 3789 Βαίας
774 3724 800 3776 id
848 3745 923 3781 curso
933 3745 981 3780 suo
989 3729 1065 3796 geris.
1075 3726 1152 3796 Quod
1161 3725 1238 3778 sensu
1247 3743 1365 3778 eommo-
1427 3739 1431 3756 ¹

291 3807 341 3863 est,
355 3796 455 3860 differt,
469 3799 626 3870 reliquetur:
638 3821 691 3855 non
710 3801 802 3856 emittit
850 3805 922 3866 dius,
934 3805 978 3857 sed
996 3803 1159 3877 longiuscule
1169 3803 1263 3856 recedit
1273 3822 1289 3855 s
1299 3803 1364 3855 lllss.
1384 3795 1388 3807 ’

290 3875 323 3928 sd
337 3874 414 3928 diem.
429 3876 583 3933 Gronovius.
850 3882 979 3936 Nonnulli
988 3881 1217 3954 oodirsssertur,et
1228 3898 1362 3944 romnus,

325 3973 348 4006 s.
370 3956 430 4010 Siue
450 3962 497 4026 (nt
508 3959 614 4031 j'erunt)
639 3963 704 4013 Iuno
725 3981 801 4014 rursu
848 3963 917 4034 quod
931 3982 984 4016 non
994 3960 1299 4034 videtursspernsndnrn.
1310 3959 1364 4011 Sd

289 4039 363 4102 gertr.
379 4039 487 4110 Apparet
499 4057 552 4092 non
564 4059 616 4092 esse
628 4039 681 4095 lrsse
694 4037 800 4112 integra.
849 4042 885 4094 sie
897 4041 965 4114 prior
975 4039 1098 4093 servande
1111 4038 1196 4092 lectio·
1208 4035 1307 4092 Sobel!-

290 4114 374 4167 Velim
390 4113 471 4168 Lnnoe
481 4118 801 4189 eocursugert'tdleseen·
883 4119 906 4172 3.
919 4119 979 4178 Non
990 4127 1052 4173 onte
1062 4119 1130 4190 finit
1144 4135 1227 4188 quom
1238 4118 1361 4172 thium
