2874 4808
250 464 687 535 CONTROVERSLARUM
710 468 791 532 LlB.
817 468 886 552 lV,
915 493 969 557 ²9·
1079 465 1145 558 389

83 594 183 661 riente
201 593 401 687 pugnantis.
427 591 567 661 Nullum
603 594 711 688 magis
739 593 972 664 adversarium
997 593 1143 680 timeas,
1201 677 1202 682 ἵ

81 730 172 801 quam
192 709 251 799 qui
269 709 384 778 vivere
402 732 470 776 non
492 723 619 801 potest,
637 709 793 779 occidere
809 726 933 806 potest.
1105 701 1116 720 ’

124 825 209 891 an
225 827 347 894 Gom.
364 826 635 894 Concitatissima
647 827 684 894 in
700 843 842 896 mortem
861 826 975 895 rabies
988 839 1039 894 eet
1058 851 1067 893 ε
1084 824 1147 894 de-

82 939 262 1030 speratione
286 939 404 1009 oltime
431 942 468 1008 in
490 941 638 1010 furorem
658 943 791 1011 animus
814 937 1014 1036 impellitur.
1041 939 1149 1032 Quae-

83 1054 150 1124 dnm
163 1057 262 1127 ierae¹
280 1056 348 1128 telo
360 1059 433 1152 ipsa
450 1058 683 1164 commordent
692 1106 713 1145 ,-
725 1076 760 1128 et
776 1058 821 1128 ad
835 1061 955 1128 mortis
972 1072 1147 1128 auctorem

82 1191 137 1260 per
159 1171 301 1240 vulnera
324 1195 384 1240 sua
411 1189 529 1240 ruunt.
559 1173 716 1242 Abscissa
746 1165 907 1242 missione
935 1177 949 1206 ¹
963 1170 1144 1266 gladiator,

82 1309 173 1378 quem
198 1301 350 1358 armatus
378 1287 535 1382 fugerat,
563 1267 689 1358 nudus·
709 1291 916 1382 insequitur.
941 1291 1147 1383 Praecipitutl

81 1422 142 1468 uon
151 1399 243 1494 quod
257 1400 393 1496 impulit
409 1419 538 1472 tantum
555 1402 717 1486 trahunt,
735 1403 796 1472 scd
814 1403 907 1496 quod
921 1404 1071 1472 occurrit
1088 1417 1148 1471 :et

82 1514 214 1582 naturali
237 1513 386 1608 quodam
411 1513 593 1611 deploratae
620 1517 744 1586 mentis
769 1516 895 1587 affectu
922 1515 1147 1586 morientibus

81 1633 298 1721 gmtissimum
316 1647 387 1721 est,
408 1640 583 1702 commori.

123 1751 263 1818 Vormm
278 1752 452 1819 Moratur.
469 1753 557 1818 Dum
574 1750 682 1819 fitium
700 1748 858 1834 vindico,
874 1749 934 1818 ubi
947 1749 1146 1841 gmvissime

82 1861 157 1932 milri
167 1888 295 1934 nocere
309 1869 414 1959 possit
424 1918 445 1955 ,.
455 1866 618 1936 ostendit.
634 1869 665 1935 Ο
685 1865 898 1936 mendacium
915 1867 1025 1936 simile
1038 1889 1146 1936 vene-

82 1977 236 2051 ficio!Sic
245 1983 412 2052 credibile
424 2007 499 2052 esse
508 1986 544 2052 in
552 2006 669 2052 sorore
678 1981 1047 2078 parricidiumcreditis
1055 1984 1146 2076 P-non

83 2097 173 2194 timeo
185 2123 230 2166 ne
245 2083 403 2192 quiahoc
417 2102 451 2167 in
467 2123 581 2168 sorore
596 2099 733 2182 credat,
751 2100 843 2193 quod
857 2124 920 2194 ego
933 2101 990 2168 vix
1003 2099 1146 2193 probavi

83 2211 277 2284 innoverca.
289 2217 408 2284 Notum
423 2215 507 2284 milri
521 2216 626 2284 liliam
639 2218 735 2308 quasi
750 2217 873 2286 futurae
886 2218 980 2311 pacis
993 2213 1145 2285 obsidem

81 2330 214 2400 sustuli:
232 2331 389 2418 aiebam,
412 2334 502 2402 Dum
520 2334 636 2401 matria
650 2334 804 2402 meminit
814 2383 826 2420 ,
848 2331 1069 2402 obliviscetur
1081 2357 1146 2402 no-

82 2468 178 2515 vercae
191 2439 223 2534 ’ς
238 2463 273 2516 at
291 2447 370 2531 illo,
386 2447 466 2515 dum
479 2471 632 2518 novarcae
646 2448 818 2532 meminit,
831 2449 949 2516 matris
963 2446 1068 2517 oblita
1080 2463 1149 2549 eet.

82 2560 180 2645 Filia,
196 2564 329 2656 inquit,
346 2561 431 2632 mihi
444 2564 580 2632 conscia
596 2581 666 2651 est,
684 2564 860 2656 posthanc
872 2586 990 2633 vocem
1006 2564 1166 2630 remisso·

82 2691 207 2766 putares
224 2693 393 2747 tormenta
411 2704 419 2745 ι
437 2679 555 2748 similis
570 2681 657 2749 facta
669 2680 839 2772 torquenti
853 2693 917 2747 est.
932 2680 1036 2748 Soror
1048 2677 1144 2747 fratri

84 2813 238 2862 venenum
257 2789 380 2862 dedit?
404 2795 566 2886 quamdiu
589 2795 708 2863 luctati
726 2817 859 2877 sumus,
884 2809 923 2862 ut
946 2793 1146 2862 crederetur

83 2929 216 2978 noverca
232 2909 394 3004 privigno
412 2907 571 2980 dedisse?
587 2913 762 2994 Nouerca,
780 2907 872 3002 quod
888 2909 1045 2978 volueras
1061 2925 1146 2978 con·
1222 2909 1227 2916 ’

82 3037 185 3092 tecuta
204 3047 265 3111 es,
285 3021 461 3092 damnasse
474 3023 546 3115 jem
562 3025 717 3116 poenitet.
919 3015 920 3018 ¹

83 3211 215 3284 Cyprianus
232 3213 315 3286 Epist.
326 3214 359 3266 ad
372 3213 502 3265 Donatum
513 3251 520 3277 ,
533 3212 587 3264 ln-
633 3211 764 3266 mentione
786 3211 984 3277 conditionum
1001 3210 1070 3281 quod
1092 3212 1146 3285 jam

83 3293 214 3361 mettius,
237 3291 408 3356 Prudentius,
429 3305 453 3342 et
471 3289 515 3343 alil
531 3289 586 3348 sre-
634 3289 732 3342 notavit
742 3287 915 3343 casaubonus.
928 3287 1031 3354 Doipds
1043 3289 1145 3340 :nudus

82 3371 217 3438 quentesdc
224 3369 322 3424 crudeli
330 3367 473 3442 spectaculo
482 3367 586 3442 gladia·
634 3370 786 3437 obsequitur.
797 3367 915 3438 lntolligs
925 3407 932 3434 ,
941 3367 1044 3439 abjectis
1052 3367 1128 3420 umis
1139 3386 1146 3430 ;

83 3454 173 3512 imm,
185 3466 244 3516 que
257 3445 392 3519 diligenter
405 3445 503 3518 colligit
514 3445 585 3498 Bris·
634 3447 739 3515 cupiens
751 3442 871 3497 interfici.
881 3443 983 3498 Scdult.

82 3522 160 3577 onim
174 3524 207 3578 od
219 3524 236 3576 l.
247 3523 395 3577 Dominios.
408 3525 438 3577 C.
455 3523 585 3578 Theodos.
668 3521 693 3576 3.
707 3521 782 3575 Dum
797 3524 894 3576 matris
904 3526 1039 3586 montinit,
1051 3525 1148 3577 oblivi-

83 3597 110 3651 do
119 3600 275 3674 spectaculis.
286 3599 382 3655 schoa.
635 3611 720 3656 stetur
738 3619 859 3655 novenos.
878 3599 922 3653 Sic
944 3599 1065 3656 Controv.
1088 3600 1149 3654 xt:

113 3697 133 3730 1.
150 3677 363 3751 Quadomseroe.
376 3677 412 3731 Ut
423 3679 529 3752 torpedo
537 3700 587 3732 co·
636 3701 650 3729 s
661 3681 738 3732 Putas
747 3697 789 3730 me
798 3677 939 3730 accusatori
949 3677 1150 3750 promissurum,

83 3751 116 3822 jus
127 3775 256 3810 venenum
269 3777 312 3830 per
326 3756 431 3809 hamum
449 3769 473 3808 et
485 3757 587 3829 virgam
635 3756 706 3829 quod
719 3754 775 3809 filio
789 3755 879 3825 negavi
889 3753 902 3807 l
914 3776 928 3802 u
942 3755 1025 3809 Filius
1038 3755 1090 3829 ipse
1100 3775 1149 3808 sc-

83 3836 180 3886 manum
191 3833 320 3908 piscatoris
327 3845 440 3907 occupat,
450 3846 479 3886 ut
487 3846 589 3908 torpore
637 3847 736 3892 curator
749 3844 807 3884 erat.
819 3831 882 3885 Ead.
892 3831 1014 3886 Controv.
1027 3832 1149 3886 «Diversi

84 3922 162 3982 captos
174 3913 257 3965 cadat.
270 3911 365 3966 Sebott.
637 3931 678 3965 me
691 3913 795 3965 effeetus
810 3909 982 3983 distringunt:
997 3910 1064 3963 inter
1077 3927 1150 3962 rcum

113 4005 135 4037 s.
153 3989 279 4042 Abscissa
299 3991 423 4044 ms'sss'one
440 3989 586 4060 gladiator.
636 4005 661 4044 ot
684 4003 780 4064 patrem
807 3990 941 4043 distrahor.
959 3989 1029 4041 Hinc
1053 3987 1152 4061 injuria

85 4060 187 4118 &ucho
208 4066 320 4133 dictum,
345 4079 374 4120 ut
394 4065 462 4139 apud
483 4065 587 4121 Sueton.
637 4063 1146 4135 stetinensium.»conanexxvllls

83 4139 132 4192 Jul.
145 4144 175 4211 75
188 4163 195 4198 t
208 4163 223 4191 s
235 4143 312 4196 Motis
331 4141 397 4218 apud
416 4143 525 4196 llerdam
537 4144 588 4198 do·
638 4167 652 4196 ι
663 4146 726 4200 Plus
738 4143 831 4210 habeo,
841 4142 985 4217 quodavo,
995 4160 1072 4214 quam
1080 4139 1150 4210 quod

87 4215 186 4276 didonis
194 4221 385 4278 ‚conditionibus
391 4243 416 4288 ,r
425 4219 453 4274 id
466 4234 510 4291 est,
520 4235 588 4277 mota
638 4243 684 4276 rso
695 4221 838 4276 timendum
849 4221 888 4274 sit.
898 4241 913 4268 a
923 4221 989 4276 ltcm
999 4238 1006 4274 ε
1018 4218 1150 4274 «Uatiam
