2876 4804
202 315 273 382 DE
295 314 421 382 VERO
449 312 680 382 CONTROV.
707 315 929 388 AUCTORE.
1044 316 1084 392 15

13 464 15 475 ν
38 459 51 484 ι
61 427 310 513 nbaspotentia
325 441 518 514 aequaretur.
528 457 541 480 υ
552 425 674 490 Seneca
686 425 754 514 ipse
769 427 803 494 in
815 429 1040 496 Consolatione
1052 434 1091 500 ad

10 568 11 573 ’
34 551 172 616 Etiam:
183 579 200 605 ι
214 551 355 639 Respice
365 550 482 614 fratres
491 572 596 632 meos,
609 551 727 640 quibus
737 551 827 616 salvis
841 552 887 618 fas
896 556 955 619 tibi
966 579 1032 620 non
1045 573 1092 622 est
1119 615 1121 620 .

36 679 216 720 uaecusare
233 657 409 722 fortunam.
422 657 461 720 ln
476 672 615 745 utroque
627 658 727 722 habes
738 655 828 746 quod
842 675 874 723 te
890 659 1012 726 diversa
1030 664 1091 727 vir
1149 708 1150 714 κ

6 742 12 857 ,l
33 795 44 818 ι
59 779 125 826 tute
137 762 295 828 delectet,
308 764 400 827 Alter
408 764 555 828 honores
562 762 717 827 industria
725 783 945 853 consequutus
954 769 1090 856 est(Gal·

7 862 9 914 ἶ
33 869 178 933 «lionem
204 869 389 959 intelligit):
407 870 487 934 alter
509 871 668 958 sapienter
693 873 917 960 contempsit.»
940 873 1090 964 intelligit
1155 924 1157 930 -

3 1025 6 1059 κγ
30 976 155 1042 uelem.
170 976 303 1040 Confer
325 999 415 1040 nunc
433 974 542 1039 locum
570 999 588 1039 e
608 975 796 1040 Praefatione
816 978 889 1042 libri
908 979 941 1042 ll
956 981 1090 1044 Contro-

31 1084 226 1162 vastarum,
249 1097 283 1145 et
301 1081 376 1144 ride
390 1105 486 1169 quam
510 1081 611 1170 elogia
633 1083 741 1146 omnia
761 1085 953 1148 conveniant
969 1088 1002 1149 in
1024 1087 1089 1151 hoc

1 1213 2 1242 l
31 1188 120 1254 blela.
137 1220 153 1244 ι
166 1189 250 1252 Haec
272 1209 313 1251 eo
335 1188 501 1269 libentius,
512 1187 614 1268 Mela,
632 1187 676 1252 lili
692 1190 866 1271 carissime,
879 1192 1001 1274 refero,
1015 1194 1089 1280 quia

1 1351 2 1362 ,
34 1293 153 1357 «rideo
165 1295 316 1357 anirnum
329 1309 424 1357 tuum
437 1315 455 1356 a
470 1294 613 1358 civilibus
626 1292 738 1358 officiis
749 1296 992 1379 abhorrentem,
1006 1315 1038 1362 et
1048 1300 1089 1364 ab

34 1429 47 1454 ι
60 1400 150 1462 omui
166 1399 294 1462 ambitu
309 1420 475 1478 aversum3
488 1398 553 1462 hoc
566 1421 669 1462 unum
689 1401 987 1488 concupiscentem,
1010 1404 1089 1468 nihil

1 1525 2 1528 ¹
35 1533 48 1558 ι
63 1504 314 1592 concupiscere,
326 1518 364 1566 ut
376 1504 565 1591 eloquentiae
573 1519 698 1568 tantum
707 1503 843 1570 studeas.
855 1507 923 1594 Ego
933 1529 1010 1571 vero
1021 1531 1088 1573 non
1117 1497 1123 1510 ’

37 1637 49 1664 ι
62 1632 134 1673 sum
148 1611 247 1675 bonae
257 1611 375 1673 mentis
384 1609 650 1698 impedimentum
660 1633 668 1675 :
678 1633 776 1699 perge
797 1633 863 1699 quo
881 1613 1010 1676 inclinat
1022 1616 1088 1678 ani·

38 1745 50 1770 ι
62 1739 145 1796 mus,
154 1733 185 1780 et
194 1732 334 1805 paterno
344 1732 513 1780 contentus
526 1716 649 1799 ordine,
657 1717 783 1782 subduc
795 1718 933 1783 fortunae
944 1743 1088 1809 magnam
1152 1783 1157 1794 ,

1 1831 2 1888 ;
39 1849 53 1874 a
66 1823 114 1884 tui
123 1839 258 1910 partem.
273 1852 288 1878 ι
306 1822 376 1888 Nee
401 1823 509 1887 turbat
529 1845 598 1903 me,
620 1821 710 1910 quod
730 1825 902 1913 epigraphe
925 1825 1087 1892 Novatum

1 1947 3 2014 l
40 1927 193 2010 nominet,
208 1950 308 2015 quem
320 1929 389 2008 alii,
407 1944 440 1992 et
459 1950 556 2015 quem
568 1929 690 1993 Seneca
704 1931 780 2017 ipse,
796 1929 982 1995 Gallionem.
995 1930 1086 1996 Idem

1 2017 3 2081 l
41 2033 1086 2125 eru'mrlleperadoptionemfamiliaexivit,etingentemacnornen

1 2209 2 2222 χ
41 2140 122 2202 venit
134 2141 219 2204 lunii
234 2140 399 2205 Gallionis.
416 2139 522 2205 Credo
540 2141 622 2205 illius
632 2142 730 2230 ipsius
746 2142 915 2226 Gallionis,
933 2145 988 2232 qui
1004 2147 1088 2210 inter

1 2247 2 2282 ³
41 2245 375 2312 rhetorasnominatur
385 2247 516 2311 Senecae
526 2247 714 2335 patri:etde
725 2250 936 2338 quoscriptor
947 2251 1087 2316 incertus
1174 2256 1176 2262 '

43 2349 200 2416 de‘Causis
220 2369 384 2441 corruptae
400 2353 609 2440 eloquentiae:
623 2383 636 2410 e
650 2354 758 2420 Malim
773 2356 884 2419 hercle
899 2357 933 2420 C.
951 2356 1087 2423 Gracchi
1165 2353 1169 2368 ’

1 2443 3 2484 l

45 2591 57 2618 ι
70 2562 262 2646 Maeceuatis,
274 2580 332 2629 aut
345 2565 479 2630 tinnitus
490 2564 649 2631 Gallionis.
665 2597 677 2622 n
688 2568 731 2632 At
741 2589 862 2631 nomen
872 2568 989 2632 Novati
1003 2583 1087 2633 antc-

1 2688 4 2752 l
43 2669 107 2734 rius
122 2673 148 2734 ei
162 2671 277 2750 luisse,
290 2671 407 2760 colligo
430 2693 469 2734 ex
480 2671 602 2736 Seneca
620 2672 653 2736 in
667 2673 907 2754 Consolatione3
920 2675 976 2761 qui
993 2671 1087 2738 liliani

48 2772 286 2866 hujusagnoseit
297 2802 316 2840 a
329 2779 460 2842 nomine
473 2763 573 2843 veteri
588 2779 619 2843 N
622 2780 787 2844 ovatillam.
805 2779 881 2844 Non
903 2780 980 2843 item
997 2780 1088 2846 locus

46 2901 95 2944 tue
112 2901 217 2948 movet
241 2885 332 2947 initio
351 2884 424 2948 libri
439 2885 470 2947 ll
483 2886 636 2950 Controv.
652 2884 693 2948 de
715 2885 855 2950 Fabiano
873 2887 1086 2976 philosopho:

47 2987 140 3052 ·Scio
157 2991 323 3070 futurum,
342 2991 463 3076 inquit,
485 3007 522 3053 ut
543 2990 658 3054 auditis
679 2992 842 3055 sententiis
865 2999 947 3078 ejus,
973 2993 1088 3058 multas
1176 3001 1177 3006 ’

44 3121 56 3145 a
71 3095 194 3181 cupiatis
204 3095 327 3160 audire.
341 3095 406 3160 Sed
417 3119 478 3160 nec
492 3096 544 3160 ille
557 3096 613 3160 diu
634 3096 917 3162 declamationibus
936 3099 1085 3164 vacabat:

46 3228 57 3252 ι
70 3215 100 3263 et
116 3223 172 3291 ego
182 3203 287 3268 multo
306 3204 414 3267 minor
426 3221 503 3268 natu
519 3226 615 3292 quam
631 3205 699 3293 ipse
721 3221 810 3286 erat,
826 3205 994 3270 audiebam
1008 3229 1087 3295 quo-

0 3300 2 3423 y
47 3307 123 3371 ttius
142 3309 312 3392 inciderat,
341 3333 409 3374 non
440 3313 579 3400 quoties,
590 3312 747 3376 volebam.
761 3343 774 3368 ν
791 3313 856 3394 Qui
880 3313 906 3376 si
929 3328 1015 3377 reete
1032 3314 1087 3381 ha·

46 3411 141 3496 beret,
151 3439 230 3482 vana
245 3418 355 3482 omnia
370 3439 441 3504 quae
460 3417 525 3483 dixi
541 3417 582 3482 de
596 3433 687 3482 astate
709 3419 806 3504 hujus
823 3419 914 3484 senis.
929 3417 1087 3506 Fabianus

47 3519 254 3587 mimauditor
265 3522 423 3587 CaestiiPii
438 3538 469 3585 et
479 3522 588 3587 Arellii
600 3521 694 3587 Fusci
712 3523 790 3604 fuit3
813 3545 850 3586 ac
872 3523 933 3588 sub
957 3523 1086 3589 Tiberio

48 3629 190 3715 ptaecipua
200 3630 244 3693 illi
260 3629 355 3693 fama.
378 3629 455 3710 Quo
469 3629 495 3692 si
508 3628 612 3693 multo
631 3629 738 3692 minor
750 3644 826 3693 natu
852 3629 905 3692 hic
931 3631 1085 3718 scriptor,

53 3753 126 3796 seur
135 3757 198 3799 uon
208 3735 346 3824 pistrino
358 3732 471 3797 trador
485 3757 546 3824 ego
560 3751 657 3822 atque
673 3734 808 3799 arsinoi»
830 3734 893 3799 Sed
915 3758 983 3801 non
1000 3754 1086 3803 recta

0 3910 1 3919 χ
55 3834 142 3922 lectio,
154 3857 184 3907 et
197 3841 360 3924 emendo,
384 3841 509 3904 «multo
532 3846 634 3928 major
649 3858 763 3908 natu.»
779 3843 880 3907 Causa
904 3844 990 3908 enim
1009 3867 1086 3908 vera

53 3962 104 4008 aon
112 3949 204 4014 auditi
214 3947 364 4027 Fabiani,
372 3945 461 4035 quod
472 3945 523 4040 ille
540 3948 689 4033 juvenis,
706 3947 825 4012 Seneca
833 3950 898 4034 jam
910 3946 1036 4036 grandi,
1049 3963 1086 4010 ut

49 4050 1084 4144 bonosenexfrequentaredeclamationesadolescentulihoneste

1 2490 2 2505 π
44 2457 237 2546 «impetum,
261 2474 318 2524 aut
339 2459 374 2523 L.
403 2460 504 2523 Crassi
526 2461 756 2542 maturitatem,
777 2485 872 2548 quam
896 2463 1087 2528 calamistros
1186 2543 1190 2550 ι
