2842 4812
264 395 328 480 248
590 395 638 458 Μ.
665 391 811 460 ANNAEI
834 391 1014 466 smum

261 527 361 602 tsm¹,
374 523 550 612 spongias:
563 516 653 587 nihil
663 516 804 612 putabat
817 539 908 601 ests,
924 517 1018 611 quod
1031 517 1102 588 diei
1115 521 1153 588 in
1166 519 1340 592 declama·

259 640 353 710 tione
377 659 447 706 nou
473 651 601 730 posset.
628 635 711 703 Erat
735 651 849 704 autem
873 634 932 702 illu
959 657 1059 704 cunta
1076 660 1085 704 ι
1101 637 1265 724 timebat,
1293 661 1340 708 ns

257 755 479 826 scholasticus
505 750 694 820 rideretur.
720 751 808 821 Dum
830 752 974 822 alterum
993 751 1115 824 titium
1136 754 1337 844 devitabat,

259 871 432 946 incidebat
455 872 492 940 in
516 872 688 959 ulterum3
714 893 779 940 noc
804 869 967 956 videbat,
996 874 1142 942 nimium
1172 877 1338 946 orationis

258 989 475 1088 splendorum
496 990 553 1059 his
574 987 732 1058 admixtis
749 983 908 1058 sordibus
925 1009 994 1060 non
1010 987 1168 1074 dolendi,
1192 990 1255 1062 sad
1280 995 1337 1063 iu-

258 1109 396 1203 quinarl
413 1131 421 1176 2
437 1097 659 1199 ethoimqus
674 1105 826 1174 omnium
848 1121 918 1192 cst,
940 1123 978 1176 ut
991 1108 1071 1178 vitia
1091 1123 1152 1178 suu
1172 1127 1336 1182 excusare

259 1225 399 1312 malint,
420 1243 521 1316 quum
537 1221 703 1316 effugere.
732 1221 891 1290 Albutius
919 1223 1014 1292 enim
1042 1247 1132 1308 uon,
1162 1224 1336 1319 quomodo

258 1357 327 1411 non
344 1355 433 1410 cssst
449 1337 689 1416 scholasticus,
710 1338 904 1429 quaerebut,
928 1337 990 1409 sed
1007 1339 1178 1432 quomodo
1194 1363 1264 1412 non
1280 1345 1337 1412 ri-

258 1458 411 1528 deretur.
432 1452 531 1526 Nihil
551 1452 754 1524 detrahebat
771 1474 813 1522 ux
831 1473 1042 1548 supervacuo
1058 1459 1238 1551 sospita&
1255 1461 1337 1529 Huc

258 1572 395 1644 sortlidu
409 1571 514 1643 turbu
531 1569 577 1641 td
590 1569 817 1664 patrocinium
831 1570 977 1640 aliorum
992 1571 1167 1642 afferebat.
1189 1575 1265 1643 Hoc
1281 1573 1335 1642 illi

257 1685 383 1760 accidit
411 1687 639 1757 inconstantia
667 1681 791 1778 judicii
821 1709 830 1752 ι
860 1705 963 1777 quem
988 1687 1143 1779 proxime
1160 1685 1334 1757 dicuntum

255 1802 432 1876 commodo
459 1800 635 1886 audierat,
665 1802 792 1870 imitari
820 1795 968 1870 volebat.
1001 1804 1144 1872 Memini
1172 1803 1337 1874 omnibus

221 1935 223 1938 ’
256 1921 351 1991 illum
372 1917 474 1986 robus
497 1913 629 1987 omissis
652 1916 743 2011 apud
763 1916 951 1987 Fabianum
977 1917 1218 2014 philosophum
1238 1936 1337 1990 tanto

252 2035 428 2129 juniorem
440 2055 542 2128 quam
558 2035 631 2128 ipsc
644 2049 735 2116 erat,
753 2055 831 2102 cum
849 2031 1026 2104 codicibus
1039 2035 1173 2106 sudore.
1188 2037 1335 2106 Memini

255 2148 480 2220 admiratione
490 2143 727 2243 Hermagorae³
743 2166 950 2244 stupentem,
965 2149 1009 2219 ad
1022 2152 1246 2221 imitationum
1258 2151 1336 2246 ejus

254 2265 433 2350 ardescere
452 2258 547 2334 nulla
566 2260 692 2333 fiducia
709 2265 840 2358 ingenii
857 2269 928 2350 sui,
954 2283 989 2335 ct
1008 2267 1087 2337 idoo
1105 2267 1242 2338 assidua
1255 2292 1335 2338 mu-

255 2385 350 2456 tatlo.
379 2385 498 2476 Itaque
523 2381 604 2452 dum
630 2403 755 2476 genera
784 2381 921 2451 dicendi
955 2383 1143 2470 transfert,
1170 2401 1206 2454 ut
1230 2386 1333 2456 modo

255 2502 351 2572 stilis
362 2523 436 2571 osas
448 2499 534 2585 vult,
549 2497 720 2593 nudisque
738 2497 840 2569 rebus
853 2493 1017 2587 butrerc‘,
1035 2500 1138 2570 modo
1152 2501 1331 2592 horridus,

255 2635 290 2690 ot
302 2619 419 2690 valens
431 2620 545 2714 potius
564 2638 667 2712 quam
683 2614 813 2702 cultus,
834 2614 935 2684 modo
948 2616 1064 2686 brevis
1078 2635 1113 2687 st
1125 2621 1330 2706 concinnus,

245 2710 354 2806 ‚mdo
371 2737 475 2805 nimis
501 2759 538 2803 sc
565 2733 709 2814 attollit,
731 2731 829 2802 modo
858 2735 960 2802 nimis
985 2732 1168 2829 deprimit,
1188 2739 1332 2830 ingenio

254 2879 315 2926 suo
331 2855 458 2938 illusit,
479 2863 515 2920 ut
532 2851 634 2944 longe
653 2849 806 2919 deterius
823 2874 928 2922 senex
944 2849 1043 2922 dixit.
1062 2852 1159 2923 Nihil
1175 2856 1268 2924 enim
1286 2855 1333 2926 ad

254 3060 318 3114 lisso
330 3068 434 3110 tutata:
446 3053 521 3126 qutls
538 3051 619 3116 illud,
636 3053 766 3121 «ludusve
816 3055 883 3107 servi
899 3075 996 3110 nomeu
1016 3069 1041 3109 st
1060 3055 1199 3111 Tabellarii
1210 3061 1277 3132 apud
1293 3061 1333 3114 lt.

253 3135 337 3204 lrdsbr
350 3135 444 3198 δοῦσα,
458 3131 495 3185 mi
511 3129 572 3183 turb
586 3139 634 3184 πᾶν
652 3133 681 3183 rb
700 3131 767 3200 θέρος
815 3129 930 3185 Tullium
943 3133 1021 3207 Epist.
1032 3133 1064 3206 ud
1077 3131 1210 3206 Papirium
1220 3135 1332 3192 Pastum.

253 3214 399 3267 tutatast.»
414 3206 488 3262 Talia
505 3208 538 3261 de
555 3219 641 3274 testo,
662 3207 765 3280 pulsio,
850 3229 873 3262 α.
890 3211 968 3264 Ntttt
981 3212 1135 3266 detrahebat
1151 3231 1189 3266 ex
1204 3233 1331 3282 copma-

254 3288 359 3346 lattrnis
376 3301 401 3342 st
409 3286 525 3364 spongiis
538 3305 545 3341 ε
558 3299 618 3341 sunt
628 3287 698 3340 enim
712 3287 766 3342 bec
815 3305 862 3352 suo
873 3293 990 3357 strepitu.
1003 3287 1063 3356 Quo
1079 3288 1173 3343 nimios
1185 3290 1264 3346 fuitus
1277 3293 1331 3346 dr-

166 3401 174 3408 ·
254 3368 342 3423 dmnit
361 3366 416 3421 slus
434 3365 488 3420 ulla
504 3365 664 3424 dubitatione
676 3367 766 3422 rotata.
816 3367 984 3434 clamatores,
1007 3366 1049 3420 vol
1070 3367 1154 3420 solum
1175 3368 1333 3424 demonstrat

254 3445 350 3502 me.
815 3444 919 3497 initium
930 3446 1132 3516 fragmentorum
1142 3447 1269 3502 Petronii.

289 3543 312 3577 r.
320 3524 454 3587 Puler'usn,
464 3525 581 3575 tatemu
590 3557 598 3586 ‚
605 3521 766 3591 pbiiemtem.
849 3519 873 3575 3.
883 3521 1065 3592 Hemtuguroe.
1079 3525 1154 3580 llunc
1163 3523 1229 3578 ulibi
1241 3524 1332 3581 ltudat

255 3607 317 3657 Ant.
331 3600 490 3675 Augustinus
507 3619 531 3653 v.
548 3619 571 3654 c.
585 3599 686 3674 legabat
694 3639 702 3667 ,
711 3621 767 3668 pu·
815 3599 1000 3672 Hermagoran
1013 3617 1020 3654 t
1031 3599 1123 3656 Cicero
1134 3601 1196 3657 itum
1208 3603 1236 3658 iu
1248 3605 1331 3660 Bruto

254 3686 353 3748 mma,
376 3684 510 3748 locemus,
530 3683 635 3751 pilum,
659 3690 767 3746 totamt
816 3690 841 3730 st
859 3677 891 3731 ds
908 3675 1062 3734 lassatione
1073 3698 1079 3732 :
1092 3679 1180 3734 laudtt
1194 3693 1220 3736 st
1233 3681 1331 3737 Fabius

254 3775 314 3820 sunt
325 3763 396 3817 saltn
408 3761 463 3817 buc
474 3761 502 3814 iu
514 3779 650 3836 puerorum
663 3759 767 3816 laribus.
816 3754 861 3808 lib·
873 3755 915 3808 lll
925 3793 932 3822 ‚
944 3776 998 3830 cap.
1014 3778 1035 3826 r,
1050 3758 1081 3826 t,
1094 3772 1119 3812 et
1130 3759 1176 3811 uln
1186 3759 1285 3812 Sebott.

254 3845 286 3896 ln
308 3842 419 3914 epitom
438 3840 530 3914 scripta
560 3837 717 3908 addebatur,
743 3853 769 3893 st
850 3837 875 3902 4.
899 3833 1042 3908 Noctisque
1065 3839 1142 3892 rebus
1165 3838 1270 3892 buren.
1296 3841 1332 3893 lit

254 3921 393 3986 Domum,
412 3931 501 3972 uotum
514 3920 620 3971 anima!
630 3939 659 3970 er
672 3917 767 3992 virgi·
814 3933 898 3989 postes
912 3916 996 3970 dicare
1009 3933 1017 3969 t
1029 3937 1043 3965 s
1052 3919 1138 3973 lloerst
1149 3918 1269 3974 adstricta
1280 3937 1332 3974 uu·

254 4001 325 4054 liuin
333 3998 475 4062 Bucolicis3
486 3997 528 4052 val
536 3996 620 4072 potius
628 3995 713 4050 liberti
724 4009 767 4051 aut
815 3997 880 4050 datis
897 3995 995 4051 ostibus
1013 3996 1093 4064 cutis,
1112 3997 1202 4068 etjam
1215 3997 1332 4052 mambra

255 4079 320 4133 servi
330 4091 425 4132 nomtu
437 4077 532 4131 Domo
542 4075 584 4128 vol
594 4069 703 4130 Domus
715 4077 766 4130 irs·
815 4075 870 4128 sius
884 4093 988 4147 corpore
1000 4085 1089 4127 sunt.»
1106 4075 1143 4127 Ut
1161 4079 1253 4130 culeus
1271 4077 1330 4149 quis

255 4172 335 4227 quant
343 4156 371 4210 in
381 4152 654 4210 pandectis-Philetus
664 4173 766 4225 quoquc
814 4153 863 4219 sit,
876 4168 927 4224 quo
941 4151 1063 4207 alluditur
1075 4153 1106 4207 iit
1113 4193 1121 4218 ,
1138 4173 1196 4225 qun
1208 4173 1331 4229 sequun-
