2874 4796
72 411 1160 448 Μ

465 576 784 692 excurret

592 825 646 874 EX

132 1021 1101 1172 oooroovuosrtnoor
1180 951 1189 962 ’

445 1311 586 1373 LIBRO
611 1311 799 1373 TERTIO.

480 1525 766 1561 -403--7-

468 1763 772 1842 PRAEFATIO.

172 1987 307 2058 Seneca
320 1985 470 2068 Novato,
488 1984 646 2067 Senecoe,
665 1987 785 2068 Melae,
804 1989 897 2055 Filiis
914 1990 1065 2057 tudetem.

128 2166 296 2259 Qnosusss
310 2162 549 2248 disertissimos
560 2163 685 2256 agnovi
700 2162 811 2244 viros,
830 2186 897 2233 non
911 2163 1155 2258 respondentes

74 2281 179 2352 famae
191 2302 258 2350 snae
271 2277 627 2373 qunmdeclamurent,
642 2259 762 2348 infuso
777 2281 920 2349 maxima
932 2282 1082 2350 omnium
1091 2280 1154 2350 ad-

74 2398 262 2466 miratione
277 2395 447 2478 dicentes,
467 2392 567 2462 simui
584 2393 628 2461 od
646 2375 923 2472 hus'domesticss
938 2399 1153 2468 exercitatio·
1259 2431 1261 2436 ’

74 2536 143 2582 nes
161 2527 388 2597 secesserunt,
407 2510 560 2579 desertos
578 2509 622 2578 ab
636 2511 776 2603 ingenio
788 2534 862 2578 suo.
878 2509 983 2604 Quod
998 2511 1154 2584 occidere

74 2631 257 2725 plerisque
268 2652 364 2721 aeque
382 2626 464 2696 mihi
485 2628 644 2710 mirum',
664 2649 766 2718 quam
783 2642 912 2696 certum
931 2643 994 2696 est.
1011 2631 1154 2699 Memini

76 2748 199 2839 itaque
216 2769 269 2814 me
286 2768 306 2812 n
324 2747 450 2815 ssvsso
475 2744 589 2815 Csssro
615 2767 785 2835 qnaerere,
813 2741 896 2835 quid
916 2759 1022 2832 esset,
1041 2771 1103 2815 cnr
1116 2749 1154 2816 in

76 2860 386 2934 declamationibus
407 2861 458 2929 iili
478 2885 538 2931 sua
561 2885 629 2929 non
645 2859 867 2954 responderet
885 2861 1091 2954 eloquentia.
1112 2868 1153 2933 In

76 2978 177 3050 nulio
195 2980 284 3048 enirn
299 2978 366 3046 hoc
384 2977 486 3045 fiebat
503 2976 700 3046 notabilius.
721 2963 840 3047 Oratio
858 2977 931 3071 ejus
950 2995 1022 3048 erat
1037 2980 1154 3051 valens

77 3095 211 3180 cultu²,
231 3095 427 3190 ingentibus
446 3095 549 3191 piena
572 3095 761 3163 sententiis.
782 3097 888 3164 Nemo
905 3097 1017 3165 minus
1036 3121 1153 3190 passus

116 3285 431 3356 1:AEqoems'hs‘ms·rum.
443 3285 593 3338 Membrone
642 3284 708 3337 inter
719 3285 857 3360 proecipuus
868 3287 942 3340 iuret.
961 3289 1027 3341 Nem
1040 3299 1065 3343 et
1075 3290 1154 3364 inge-

79 3367 155 3418 Voss.
171 3367 243 3437 qnod
258 3365 372 3418 accidere
389 3363 523 3432 plerisque
542 3381 593 3414 non
643 3361 680 3414 nii
693 3355 834 3436 pinrinium
846 3375 883 3416 est
895 3364 923 3417 in
937 3385 984 3429 eo,
997 3379 1021 3419 et
1033 3368 1154 3424 acerbitas

80 3457 140 3499 tam
154 3443 221 3496 nott
229 3446 328 3496 minem
340 3462 423 3510 qnam
441 3453 537 3494 certum
547 3451 594 3493 est.
643 3439 721 3505 mire,
737 3451 762 3492 et
776 3440 922 3506 urbanitas,
940 3455 965 3496 et
981 3444 1018 3497 vis
1034 3464 1154 3502 summe:

80 3526 116 3578 Es
124 3524 253 3597 proiecto,
263 3541 308 3573 eor
317 3521 418 3573 sdeosit
426 3520 472 3592 ipsi
482 3518 592 3585 mirum,
643 3521 686 3574 sed
696 3521 751 3592 pius
762 3521 891 3574 stomacho
903 3543 979 3594 quatu
992 3527 1100 3579 oonsilio
1111 3528 1154 3582 de·

81 3601 127 3674 qni
138 3599 255 3653 meslete
263 3597 340 3670 hujus
350 3599 386 3650 rei
396 3598 522 3652 rationem
531 3597 595 3650 edis·
644 3598 689 3650 dit.
705 3599 827 3652 Praeteres
841 3611 868 3651 ut
879 3602 957 3654 amari
970 3603 1047 3670 seles,
1059 3604 1093 3657 its
1104 3605 1154 3658 ire-

81 3680 158 3744 serit,
172 3677 244 3730 nuile
255 3678 319 3730 rstio
331 3689 376 3729 ost.
390 3675 545 3730 Gronovius.
643 3688 749 3748 quenter
759 3678 811 3750 ipsa
823 3678 965 3731 amaritudo
975 3680 1082 3735 ridicule
1093 3697 1153 3736 est.»

116 3779 141 3812 s.
156 3757 252 3808 Oratio
263 3761 318 3816 ejus
335 3762 393 3807 emt
407 3757 497 3807 volem
515 3755 592 3808 cultu.
644 3755 729 3824 Quem
741 3756 763 3808 si
774 3757 887 3808 conierss
901 3777 958 3809 enm
971 3759 1052 3811 nostri
1063 3773 1155 3813 sucto-

82 3839 124 3891 De
138 3835 221 3888 Cestii
234 3832 323 3886 Severi
335 3833 479 3904 eloquentis
490 3852 593 3885 ceusurs
642 3832 995 3904 risdeeojudicio,inmnitis
1004 3835 1154 3890 sonnatium

84 3910 241 3983 Quintiliani
262 3923 299 3966 est
321 3910 446 3980 ejusmodi
457 3928 463 3963 ε
475 3909 594 3974 «Mults,
642 3910 822 3984 deprehendes.
839 3912 931 3965 Noster
951 3912 1073 3966 enimait
1092 3934 1156 3987 gn·

83 3993 103 4045 si
115 4011 175 4045 curn
189 3989 286 4062 judicio
300 3988 407 4060 legetur,
426 3987 495 4040 dabit
510 3988 595 4041 imite-
644 3991 748 4042 vitatem
762 3988 883 4043 orationis
896 3991 972 4042 etiarn
985 3991 1155 4062 superfuisse,

83 4073 152 4126 tione
163 4071 243 4144 digus
258 4069 359 4123 cassius
373 4069 488 4124 Severus.
506 4067 559 4138 Qui
575 4068 596 4120 si
644 4067 789 4138 iratumque
806 4067 964 4122 commodius
982 4069 1072 4122 dixisse
1091 4089 1157 4123 eeu-

83 4150 180 4204 eoeteris
196 4146 332 4202 virtutibus
346 4145 456 4200 ruissent
468 4157 493 4200 et
508 4146 597 4221 grevi—
645 4147 701 4198 suit.
710 4147 797 4220 Hujus
809 4160 893 4201 sutem
905 4147 1002 4220 seriptis
1011 4160 1035 4200 et
1045 4149 1157 4203 surturi-

82 4239 157 4278 tstsus
171 4223 295 4279 orationis
308 4223 452 4297 adjecisset,
465 4223 596 4297 ponendus
646 4236 695 4278 tute
716 4236 822 4277 utuntur
843 4223 982 4278 Suetonius
1004 4226 1031 4280 iu
1051 4225 1156 4282 vinitio
