2874 4808
255 426 331 494 356·
578 427 625 492 Μ.
652 423 797 502 ANNAEI
818 425 1000 504 SENECAE

252 569 289 622 ut
304 550 467 644 discipsdi
486 573 554 618 non
570 549 682 638 audiri
697 547 948 639 desiderarent,
965 552 1025 622 sed
1040 555 1190 630 conmnti
1211 573 1333 626 osseus

252 669 385 738 audire.
406 669 508 738 Initio
527 668 737 737 contumeliae
752 691 889 742 causus
911 669 1147 742 deridentibus
1163 671 1331 766 discipuli

254 787 412 856 Latronis
434 786 599 854 auditores
622 784 829 855 vocabantur
852 813 860 851 ι
885 784 1010 860 deinde
1036 788 1073 856 in
1098 813 1163 861 usu
1181 789 1327 860 verbum

254 925 328 972 csse
345 901 446 994 ooepit
459 926 468 965 ι
481 913 517 968 et
531 900 722 993 promiscue
735 901 815 992 poni
830 921 893 993 pro
908 899 1075 994 discipulo
1088 903 1241 988 auditor,
1257 903 1329 972 hoc

195 1069 198 1075 ,
253 1033 328 1093 erat
342 1040 410 1089 non
422 1015 619 1110 potientium
634 1037 746 1100 suem,
763 1014 822 1084 sed
836 1016 1064 1108 eloquentiam
1078 1017 1261 1088 vendere¹.
1278 1022 1329 1088 Ut

252 1132 296 1203 sd
309 1131 450 1204 Florum
461 1145 626 1220 reuertar,
645 1130 703 1198 ille
716 1128 802 1198 dixit
815 1131 851 1197 iu
866 1130 1079 1203 Flaminino¹
1091 1132 1255 1205 :Reiulsit
1266 1133 1329 1200 in-

251 1262 304 1314 ter
318 1245 449 1339 privata
463 1244 583 1337 poeuis
596 1243 741 1336 publicae
753 1245 881 1312 securis
893 1247 983 1320 ecies
999 1272 1007 1312 :
1022 1246 1112 1317 inter
1124 1246 1329 1320 temulentas

252 1362 426 1435 ebriorum
443 1361 606 1453 reliquias
620 1358 805 1430 humanum
819 1363 989 1429 everritur
1006 1375 1122 1455 caput.
1142 1365 1327 1453 Nunquam

251 1485 354 1550 Lutro
380 1480 429 1546 sic
455 1477 715 1569 composuisset,
743 1476 880 1567 usquin
902 1476 1074 1568 publicem
1087 1480 1245 1554 ,securim
1267 1479 1329 1549 di-

251 1613 369 1668 cturus
379 1609 473 1679 eret,
486 1591 637 1676 diceret,
652 1591 784 1684 private
800 1593 924 1682 postule
940 1619 949 1660 s
967 1615 1080 1684 neque
1099 1595 1136 1661 in
1150 1610 1218 1664 tom
1230 1597 1326 1664 mol-

250 1716 318 1784 lem
337 1711 615 1804 compositionem
631 1709 1110 1802 ejussenteutiaessnuisset,
1128 1736 1240 1806 neque
1254 1731 1327 1787 tsm

252 1823 472 1904 incredibiles
486 1844 634 1915 unqustn
649 1823 777 1915 figuras
789 1823 1047 1917 compingebat,
1068 1839 1108 1894 ut
1117 1827 1156 1896 in
1170 1827 1243 1918 ipso
1257 1830 1327 1900 tri-

252 1935 374 2012 clinio⁵
394 1939 484 2007 inter
500 1939 604 2007 lectos
621 1953 656 2008 et
667 1939 764 2030 jocos
777 1955 812 2008 et
825 1963 957 2014 menses
973 1961 1171 2033 percussum
1192 1941 1331 2012 descri-

251 2057 362 2150 beret.
375 2055 460 2141 Ille,
481 2039 586 2146 quum
600 2056 636 2122 in
649 2055 963 2132 haccontrouersia
980 2054 1213 2152 descripsisset
1227 2073 1326 2129 atro-

252 2175 387 2244 citatem
406 2171 583 2264 supplicii,
596 2168 730 2263 ,adjecit
746 2197 754 2236 ι
770 2169 867 2263 Quid
888 2172 1130 2257 exhorruistis,
1157 2173 1330 2250 indices?

254 2287 463 2360 meretricios
479 2285 573 2358 lusus
588 2284 722 2376 loquor.
741 2289 783 2358 Et
797 2285 856 2360 ille
873 2285 963 2366 dissip
974 2357 976 2363 y
986 2288 1098 2364 minus
1108 2303 1236 2369 ,notem
1243 2313 1329 2356 sen-

256 2403 412 2488 tentiam,
429 2398 489 2468 sed
504 2423 574 2467 non
588 2399 699 2468 minus
713 2400 834 2468 bonam
850 2428 857 2468 :
871 2402 911 2468 In
925 2401 1053 2486 socium
1067 2395 1331 2496 nostiumprse-

254 2515 435 2610 torpopuli
443 2511 845 2596 Romanisuimsdvortit,
861 2537 936 2596 cusq
946 2514 1079 2606 privata
1089 2537 1186 2601 soce,
1199 2516 1329 2600 tumul-

254 2635 363 2706 tunrio
376 2630 559 2712 tribunali,
581 2627 872 2714 ebriusiortasse,
892 2652 956 2699 nec
975 2629 1142 2714 calceetus
1161 2630 1324 2720 quidqu,

256 2753 389 2834 nisisi,
406 2765 446 2828 nt
467 2747 579 2816 omnis
599 2759 766 2837 spectaret
786 2746 965 2830 meretrix,
987 2743 1172 2839 diligenter
1192 2747 1326 2838 exegit.

272 2917 274 2922 .
302 2871 411 2940 Rosos
432 2867 545 2932 Virtus
569 2874 642 2933 eret
667 2861 726 2951 qui
750 2863 891 2953 antiquo
918 2884 1045 2952 genepe
1069 2861 1217 2947 (liceret3
1235 2862 1331 2934 belle

253 2983 355 3052 cessit
369 2979 421 3049 illi
439 2975 608 3049 sententie
627 2971 827 3052 sordidioris
841 2993 938 3057 note.
958 2979 1088 3059 Prsetor
1101 2978 1145 3048 od
1163 2977 1330 3061 occiden-

252 3097 333 3166 dum
343 3093 515 3164 hominem
526 3088 633 3163 soleas
642 3083 826 3183 poposcit⁴.
844 3089 993 3172 Alteram
1005 3089 1158 3183 ejusdem
1170 3093 1326 3185 generis,

255 3211 321 3284 sed
328 3207 563 3303 uonejusdsm
574 3229 748 3278 successus
761 3208 981 3292 senteutiam,
996 3231 1100 3300 quum
1116 3205 1331 3301 deplorasset

253 3326 486 3400 conditionem
500 3324 661 3396 violatam
679 3323 885 3419 majestatis,
911 3323 1190 3410 consuetudinem
1212 3325 1328 3417 majo-

254 3469 329 3515 rum
353 3444 607 3536 descripsisset,
634 3463 734 3533 quum
762 3464 896 3536 semper
918 3441 1104 3510 voluisseut
1123 3440 1169 3509 sd
1186 3441 1330 3535 suppli-

291 3675 312 3708 ι.
331 3655 518 3725 Eloquentiam
544 3671 623 3718 suurn
645 3653 762 3704 vendere.
845 3649 868 3703 3.
882 3647 957 3705 Utin
969 3655 1026 3720 ipso
1037 3651 1159 3715 trr‘ciinio,
1174 3664 1221 3704 etc
1232 3645 1328 3726 Suspi-

253 3737 291 3791 Ite
299 3731 368 3790 filios
375 3733 472 3791 Senem
479 3731 555 3784 Here.
564 3729 611 3785 sur.
625 3748 668 3794 171
681 3729 763 3784 :aliie
812 3751 857 3786 sor
868 3730 960 3785 inisse:
978 3730 1016 3782 Ut
1028 3733 1116 3783 nonin
1130 3732 1187 3799 ipso
1197 3733 1327 3784 triclinio.

253 3810 359 3866 cismosi
383 3809 481 3864 rabiosa
506 3807 556 3860 sori
581 3805 673 3882 turgis
692 3826 763 3859 ven·
812 3807 909 3879 Nempe
931 3807 1006 3860 nimis
1027 3807 1060 3860 sd
1076 3803 1150 3860 istem
1169 3806 1326 3882 degentiam

253 3889 315 3962 dens
326 3885 659 3960 improbm,iresEtverbe
671 3885 762 3945 locuta·
811 3905 884 3940 susm
904 3905 1046 3960 properem
1064 3881 1119 3938 vuit
1137 3883 1267 3952 Florum,
1289 3879 1327 3940 αὖ

286 3963 638 4023 2.DtetttnFtamtnrso.1n
648 3976 673 4016 et
682 3962 763 4015 inira:
813 3983 888 4034 quem
901 3962 981 4038 gradu
996 3962 1150 4016 veniendum
1164 3973 1225 4018 eret.

253 4043 290 4099 In
308 4043 464 4107 Flaminino
486 4041 659 4096 tumidissime
681 4042 762 4095 dixit.
844 4039 1094 4112 4.Solsospoposcit.
1106 4039 1196 4094 Solent
1204 4037 1273 4093 euim
1281 4060 1326 4094 uc-

251 4117 760 4195 Utroquelocoscribeudumexistimem,
810 4117 1326 4192 cumbsntesiutricliniisoeleeospouese,

252 4202 280 4254 r'n
295 4187 487 4256 Frumentum.
498 4197 595 4255 Scede.
810 4216 842 4250 ne
855 4197 965 4270 strepuit
976 4197 1079 4256 icedeut.
1089 4193 1186 4252 Setos.
