2894 4784
284 419 352 503 684
608 418 655 482 Μ.
681 413 825 482 ANNAEI
849 414 1026 484 SENECAE

209 565 211 570 ’
280 546 366 612 set¹·.
383 542 561 610 Affirmsre
577 540 671 630 vqbis
684 563 836 632 possum,
852 539 941 608 nihil
953 563 1032 608 esse
1052 541 1089 610 in
1106 541 1260 611 historiis
1273 545 1355 637 ejus

282 660 367 741 hoc,
389 681 490 750 quem
507 657 627 740 retuli,
648 656 721 725 loco
738 654 900 722 disertius
918 681 926 720 ε
941 671 981 722 ut
996 656 1178 726 mihitunc
1190 683 1260 727 non
1273 659 1355 728 luu-

282 774 378 842 dasse
397 774 615 852 Ciceronem,
643 772 704 838 sed
728 755 873 840 certasse
892 793 968 838 cum
991 772 1156 842 Cicerone
1177 774 1350 844 videntur.

286 893 357 958 Nec
372 888 438 957 hoc
456 886 649 956 deterrendi
667 911 767 956 ceusu
783 886 882 967 dico,
902 911 947 954 ne
962 887 1122 958 historias
1142 891 1218 984 ejus
1235 891 1353 986 legere

282 1005 526 1096 concupiscatis
543 1030 551 1071 ε
566 1004 813 1095 concupiscite,
832 1018 866 1070 et
879 1027 996 1094 poenas
1009 1005 1175 1072 Ciceroni
1190 1006 1349 1074 ’debitis

208 1153 211 1168 v
283 1122 389 1187 Nemo
416 1133 528 1186 tumen
555 1142 595 1186 ex
621 1133 671 1186 tot
687 1117 915 1188 disertissimis
937 1120 1020 1188 uiris
1040 1120 1161 1200 meiius
1177 1123 1352 1190 Ciceronis

230 1261 231 1264 ¹
284 1250 424 1306 mortem
442 1232 652 1326 deploravit,
670 1257 769 1325 quom
786 1235 968 1302 comma
986 1235 1143 1315 Serenus.

331 1349 493 1414 Conuenit
517 1349 634 1416 Snvnnt
658 1373 666 1412 ε

460 1483 562 1550 Oraque
574 1481 769 1560 magnanimum
782 1479 903 1552 spirantia
915 1499 986 1555 pene
1000 1482 1113 1536 virorum
1140 1534 1144 1540 ,

467 1566 497 1616 ln
509 1567 594 1618 rostris
606 1565 705 1637 jseuere
716 1565 767 1616 suis
780 1566 841 1616 :sed
853 1567 921 1617 enim
933 1565 1034 1619 abstulit
1046 1566 1162 1634 omnes³‚

460 1649 593 1718 Tanquam
604 1649 732 1713 solai'oret
743 1688 751 1715 ,
763 1649 826 1722 rupti
840 1649 969 1702 Ciceronis
980 1651 1074 1723 irnsgo.

461 1733 536 1784 Tunc
547 1733 651 1785 redeunt
662 1731 753 1785 animis
766 1732 876 1803 ingentia
888 1732 1071 1798 conscilium,
1119 1747 1121 1750 ’

461 1817 609 1888 duratusque
621 1835 726 1878 manus,
741 1817 910 1887 deprensaque
924 1813 1017 1868 ioeders
1027 1831 1118 1878 noxe,

461 1893 648 1967 Patriciumque
658 1899 726 1950 nefas
738 1916 745 1950 :
757 1909 792 1949 est
805 1908 865 1949 tunc
878 1909 902 1947 et
913 1914 986 1968 prens
1000 1896 1105 1970 Cethegi
1114 1897 1136 1961 ⁴,

462 1981 631 2052 Deiectusque
642 1979 707 2032 redit
718 1979 781 2032 votis
800 1978 907 2030 Catilina
922 1979 1038 2030 uei'sndis
1046 1977 1065 2028 ⁸.

460 2064 530 2134 Quid
542 2066 614 2117 favor
627 2077 669 2116 sut
681 2076 774 2128 coetus,
788 2063 857 2136 pleni
868 2063 1155 2132 quid'honoribus'anni
1202 2051 1206 2058 ’

461 2145 637 2198 profuerunt?
648 2145 723 2198 saeris
736 2157 819 2198 exacta
829 2145 893 2214 qnid
906 2143 997 2198 artibus
1009 2145 1091 2199 setas?

462 2228 574 2280 Abstulit
584 2247 634 2280 uns
646 2228 699 2280 dies
711 2227 759 2281 aevi
770 2229 844 2281 decus
854 2265 862 2291 ‚
873 2228 970 2298 ictaque
984 2230 1054 2282 luctu

462 2307 591 2359 Conticuit
601 2307 679 2360 Lutiae
690 2307 765 2360 tristis
778 2311 895 2363 secundia
911 2309 946 2361 tin
983 2329 1005 2364 ω
1018 2348 1025 2374 ,

465 2392 548 2445 Unica
558 2391 675 2444 sollicitis
685 2391 816 2460 quondam
829 2394 906 2446 tuteiu
920 2330 1036 2462 midique
1046 2429 1054 2456 ‚

467 2475 605 2548 Egregium
618 2495 715 2548 semper
726 2476 809 2546 patriae
819 2491 907 2550 caput;
922 2478 966 2530 ilie
977 2478 1097 2530 senatus‘

465 2557 564 2609 Vindex
575 2595 582 2620 ,
592 2557 635 2609 ille
649 2557 697 2607 fori
708 2594 715 2619 ,
728 2557 813 2628 legum
824 2597 831 2620 ,
844 2559 973 2626 ritusque,
985 2570 1110 2630 togaque.

464 2638 569 2692 Publice
580 2659 627 2691 vox
638 2633 841 2692 sevis'aeternnm
852 2639 978 2693 obmutuit
988 2641 1071 2693 ermis.

324 2829 343 2862 ι.
352 2808 480 2862 Miseram
490 2818 596 2860 nrortem
604 2817 730 2876 putasset.
738 2806 793 2858 Ca·
841 2809 951 2862 obstaedit
962 2829 1059 2863 omnes.
1078 2805 1106 2862 id
1121 2803 1174 2873 est,
1187 2811 1302 2863 omniurn
1310 2829 1346 2863 eu·

286 2886 383 2940 lumnia
398 2883 451 2938 haee
467 2883 597 2936 Pollionis.
615 2883 720 2935 Vident
737 2885 794 2936 soe·
842 2887 1347 2960 rsm,roqitutionetn‚aspectumd'rhuit.

288 2975 351 3015 tasse
371 2961 511 3014 Tusculana
526 2960 604 3030 prima
616 2978 710 3030 ponere
725 2959 794 3012 ado·
875 2963 1139 3032 4.Esttuneetpoena
1147 2959 1347 3034 Cethegisssnnje-

288 3039 422 3090 lescentem
441 3055 448 3092 ς
465 3037 587 3089 «Maium
609 3035 672 3087 mihi
693 3037 794 3090 videtur
842 3041 922 3096 cimus
935 3060 942 3094 :
953 3041 1151 3114 Patriciumque
1167 3043 1244 3114 ndns
1255 3047 1349 3096 extim-

288 3115 352 3168 mori
364 3132 392 3166 :u
404 3135 478 3185 quem
491 3115 637 3184 opinionem
652 3114 745 3167 minuit
764 3135 792 3168 es
843 3125 1020 3188 tumetpoeno.
1029 3123 1064 3172 Ut
1073 3119 1144 3172 enim
1152 3120 1292 3174 Catilinam
1301 3140 1346 3174 nou

269 3207 271 3212 '
290 3193 458 3264 disputatione
472 3195 570 3246 Murcus
590 3192 686 3245 Cicero.
699 3191 793 3246 Scdott.
844 3199 958 3274 „opime
971 3197 1018 3251 „igi
1032 3199 1157 3265 dejectum
1169 3202 1257 3264 wag,
1271 3211 1295 3251 ,ι
1310 3199 1347 3251 [20.
1365 3233 1369 3240 .

325 3292 346 3324 n.
356 3270 491 3338 Etpoenes
500 3273 576 3326 Cicer.
589 3269 694 3322 dabitis.
708 3271 795 3338 Quum
844 3275 948 3346 thegurn
961 3293 1013 3328 non
1023 3273 1078 3326 eine
1085 3293 1175 3342 ptem,
1184 3275 1220 3326 ite
1230 3293 1278 3327 use
1286 3275 1345 3326 nebu

230 3379 232 3384 v
290 3350 321 3402 ad
342 3349 479 3421 legendum
507 3350 655 3402 Ciceronem
679 3347 795 3420 applicito
845 3351 976 3422 patricium
985 3349 1128 3422 posuitsins
1140 3350 1275 3402 mentione
1283 3369 1343 3402 esu·

290 3427 495 3480 unimodulebitis
505 3425 797 3493 eteruciubimini,quod
844 3441 886 3481 tus
901 3427 1045 3499 reipublice
1056 3439 1081 3482 et
1091 3427 1226 3480 neeesssrii
1238 3441 1266 3481 et
1278 3428 1342 3481 utilis

291 3506 798 3580 tempusetstudiurninsumse'ritisetper·
848 3503 962 3558 Gronov.

292 3585 406 3638 dideritis
420 3583 518 3656 scriptis
534 3585 615 3656 potius
630 3582 713 3635 Asinii
724 3583 798 3652 hujus
880 3586 903 3637 5.
922 3585 1090 3654 Deiectusque
1103 3585 1172 3636 redit
1182 3587 1262 3637 votis.
1273 3583 1343 3635 Tanto

292 3662 435 3728 versandis,
448 3681 522 3732 quam
533 3660 704 3713 fecundissimi
714 3659 795 3720 iliius,
846 3659 895 3714 hoe
906 3658 1057 3731 elegantius,
1070 3660 1137 3729 quud
1153 3677 1196 3712 eos
1209 3659 1297 3726 etism,
1306 3657 1345 3728 qui

292 3739 424 3808 omnisque
442 3737 591 3791 eruditionis
609 3749 634 3789 et
649 3737 798 3808 eloquentia
846 3734 958 3812 peterent
969 3737 1086 3802 honores,
1099 3755 1145 3788 nec
1156 3735 1345 3808 adipiscerentur

292 3819 409 3888 parentis.
423 3817 520 3870 Schult.
847 3814 1094 3882 dejectosssdirerunn
1103 3825 1130 3864 ut
1141 3815 1344 3882 oeds'ls'tetemae·

326 3894 350 3945 3.
364 3892 494 3946 Sedenim
506 3892 799 3947 abstulitomnes.01n-
846 3901 907 3942 tum
918 3891 1013 3956 dejecti.
1024 3887 1122 3941 Sedull.

292 3971 363 4023 nium
377 3971 532 4041 reliquorum
546 3990 591 4044 pro
605 3969 688 4023 rostris
704 3968 809 4040 imagi-¹
879 3965 905 4018 6.
916 3967 969 4019 Ille
979 3975 1093 4018 senatus·
1110 3964 1161 4017 Hie
1177 3963 1344 4038 interpungen-

293 4067 338 4102 nes
350 4067 402 4107 una
415 4048 544 4101 Ciceronis
559 4045 717 4115 obscuravit,
730 4063 799 4117 prae-
849 4043 908 4096 dum
921 4054 956 4096 est
967 4055 1139 4114 contrastque
1151 4041 1252 4096 libriin
1268 4043 1344 4115 ruique

293 4125 440 4198 strinxitque
446 4121 724 4180 oeulosScdott-Sed
729 4125 799 4176 enim
813 4145 820 4160 ·
849 4121 910 4174 editi
921 4140 927 4176 ε
939 4123 1064 4192 pertinent
1073 4121 1141 4174 enirn
1152 4121 1185 4175 ad
1200 4121 1282 4195 prisea
1291 4135 1343 4176 tata·
