<?xml version="1.0" encoding="UTF-8"?>
<!DOCTYPE html PUBLIC "-//W3C//DTD XHTML 1.0 Transitional//EN"
    "http://www.w3.org/TR/xhtml1/DTD/xhtml1-transitional.dtd">
<html xmlns="http://www.w3.org/1999/xhtml" xml:lang="en" lang="en">
 <head>
  <title>
</title>
<meta http-equiv="Content-Type" content="text/html;charset=utf-8" />
  <meta name='ocr-system' content='tesseract 3.04.00' />
  <meta name='ocr-capabilities' content='ocr_page ocr_carea ocr_par ocr_line ocrx_word'/>
</head>
<body>
  <div class='ocr_page' id='page_1' title='image "./lannsenecparspr00bouigoog_0453.png"; bbox 0 0 2874 4796; ppageno 0'>
   <div class='ocr_carea' id='block_1_1' title="bbox 265 478 1141 567">
    <p class='ocr_par' dir='ltr' id='par_1_1' title="bbox 265 478 1141 567">
     <span class='ocr_line' id='line_1_1' title="bbox 265 478 1141 567; baseline 0.005 -21"><span class='ocrx_word' id='word_1_1' title='bbox 265 478 702 550; x_wconf 79' lang='lat' dir='ltr'><strong>conrnovnnsnnun</strong></span> <span class='ocrx_word' id='word_1_2' title='bbox 725 481 806 548; x_wconf 84' lang='lat' dir='ltr'><strong>nn.</strong></span> <span class='ocrx_word' id='word_1_3' title='bbox 832 482 874 565; x_wconf 87' lang='lat' dir='ltr'><strong>v,</strong></span> <span class='ocrx_word' id='word_1_4' title='bbox 901 481 955 547; x_wconf 86' lang='lat'><strong>33.</strong></span> <span class='ocrx_word' id='word_1_5' title='bbox 1079 482 1141 567; x_wconf 72' lang='lat'><strong>441</strong></span> 
     </span>
    </p>
   </div>
   <div class='ocr_carea' id='block_1_2' title="bbox 72 608 1145 819">
    <p class='ocr_par' dir='ltr' id='par_1_2' title="bbox 72 608 1145 819">
     <span class='ocr_line' id='line_1_2' title="bbox 72 608 1145 703; baseline 0.002 -26"><span class='ocrx_word' id='word_1_6' title='bbox 72 631 191 678; x_wconf 87' lang='lat' dir='ltr'><strong>omnes</strong></span> <span class='ocrx_word' id='word_1_7' title='bbox 214 608 373 678; x_wconf 88' lang='lat' dir='ltr'><strong>omuibus</strong></span> <span class='ocrx_word' id='word_1_8' title='bbox 396 609 593 692; x_wconf 85' lang='lat' dir='ltr'><strong>conferunt,</strong></span> <span class='ocrx_word' id='word_1_9' title='bbox 618 609 699 678; x_wconf 91' lang='lat' dir='ltr'><strong>dum</strong></span> <span class='ocrx_word' id='word_1_10' title='bbox 724 611 956 703; x_wconf 88' lang='lat' dir='ltr'><strong>unusquisque</strong></span> <span class='ocrx_word' id='word_1_11' title='bbox 969 611 1086 693; x_wconf 87' lang='lat' dir='ltr'><strong>timet,</strong></span> <span class='ocrx_word' id='word_1_12' title='bbox 1102 635 1145 679; x_wconf 91' lang='lat' dir='ltr'><strong>ne</strong></span> 
     </span>
     <span class='ocr_line' id='line_1_3' title="bbox 74 741 267 819; baseline 0.005 -28"><span class='ocrx_word' id='word_1_13' title='bbox 74 747 134 792; x_wconf 87' lang='lat' dir='ltr'><strong>suo</strong></span> <span class='ocrx_word' id='word_1_14' title='bbox 148 741 267 819; x_wconf 79' lang='lat' dir='ltr'><strong>neget.</strong></span> 
     </span>
    </p>
   </div>
   <div class='ocr_carea' id='block_1_3' title="bbox 72 855 1144 1112">
    <p class='ocr_par' dir='ltr' id='par_1_3' title="bbox 72 855 1144 1112">
     <span class='ocr_line' id='line_1_4' title="bbox 123 855 1144 982; baseline 0.005 -29"><span class='ocrx_word' id='word_1_15' title='bbox 123 885 237 955; x_wconf 82' lang='lat' dir='ltr'><strong>PARS</strong></span> <span class='ocrx_word' id='word_1_16' title='bbox 263 884 454 956; x_wconf 82' lang='lat' dir='ltr'>ALTERA.</span> <span class='ocrx_word' id='word_1_17' title='bbox 480 887 620 956; x_wconf 75' lang='lat' dir='ltr'><strong>Arrun</strong></span> <span class='ocrx_word' id='word_1_18' title='bbox 645 889 756 956; x_wconf 87' lang='lat' dir='ltr'><strong>Fuscr.</strong></span> <span class='ocrx_word' id='word_1_19' title='bbox 778 855 988 972; x_wconf 80' lang='lat' dir='ltr'><strong>Debilitasti,</strong></span> <span class='ocrx_word' id='word_1_20' title='bbox 1008 889 1144 982; x_wconf 83' lang='lat' dir='ltr'><strong>inquit;</strong></span> 
     </span>
     <span class='ocr_line' id='line_1_5' title="bbox 72 1001 576 1112; baseline 0 -43"><span class='ocrx_word' id='word_1_21' title='bbox 72 1001 152 1095; x_wconf 83' lang='lat' dir='ltr'><strong>plue</strong></span> <span class='ocrx_word' id='word_1_22' title='bbox 166 1001 235 1070; x_wconf 88' lang='lat' dir='ltr'><strong>illis</strong></span> <span class='ocrx_word' id='word_1_23' title='bbox 249 1017 362 1096; x_wconf 81' lang='lat' dir='ltr'><strong>patres</strong></span> <span class='ocrx_word' id='word_1_24' title='bbox 377 1020 576 1112; x_wconf 84' lang='lat' dir='ltr'><strong>nocuerunt.</strong></span> 
     </span>
    </p>
   </div>
   <div class='ocr_carea' id='block_1_4' title="bbox 69 1167 1148 3346">
    <p class='ocr_par' dir='ltr' id='par_1_4' title="bbox 69 1167 1148 3346">
     <span class='ocr_line' id='line_1_6' title="bbox 124 1167 1146 1266; baseline 0.002 -28"><span class='ocrx_word' id='word_1_25' title='bbox 124 1169 305 1238; x_wconf 87' lang='lat' dir='ltr'>DIVISIO.</span> <span class='ocrx_word' id='word_1_26' title='bbox 327 1172 438 1238; x_wconf 76' lang='lat' dir='ltr'><strong>Lt‘rso</strong></span> <span class='ocrx_word' id='word_1_27' title='bbox 457 1171 507 1238; x_wconf 90' lang='lat' dir='ltr'><strong>sie</strong></span> <span class='ocrx_word' id='word_1_28' title='bbox 524 1167 658 1252; x_wconf 80' lang='lat' dir='ltr'><strong>divisit,</strong></span> <span class='ocrx_word' id='word_1_29' title='bbox 674 1168 730 1238; x_wconf 79' lang='lat' dir='ltr'><strong>du</strong></span> <span class='ocrx_word' id='word_1_30' title='bbox 743 1167 818 1238; x_wconf 74' lang='lat' dir='ltr'><strong>lese</strong></span> <span class='ocrx_word' id='word_1_31' title='bbox 833 1171 877 1239; x_wconf 89' lang='lat' dir='ltr'><strong>sit</strong></span> <span class='ocrx_word' id='word_1_32' title='bbox 890 1194 979 1266; x_wconf 88' lang='lat' dir='ltr'><strong>resp.</strong></span> <span class='ocrx_word' id='word_1_33' title='bbox 996 1172 1146 1240; x_wconf 90' lang='lat' dir='ltr'><strong>Primum</strong></span> 
     </span>
     <span class='ocr_line' id='line_1_7' title="bbox 73 1282 1144 1378; baseline 0.002 -26"><span class='ocrx_word' id='word_1_34' title='bbox 73 1282 170 1376; x_wconf 90' lang='lat' dir='ltr'><strong>quod</strong></span> <span class='ocrx_word' id='word_1_35' title='bbox 187 1286 276 1377; x_wconf 89' lang='lat' dir='ltr'><strong>reip.</strong></span> <span class='ocrx_word' id='word_1_36' title='bbox 297 1284 427 1352; x_wconf 83' lang='lat' dir='ltr'><strong>crimen</strong></span> <span class='ocrx_word' id='word_1_37' title='bbox 452 1301 606 1353; x_wconf 78' lang='lat' dir='ltr'><strong>constare</strong></span> <span class='ocrx_word' id='word_1_38' title='bbox 630 1299 784 1378; x_wconf 72' lang='lat' dir='ltr'><strong>oportet,</strong></span> <span class='ocrx_word' id='word_1_39' title='bbox 811 1283 934 1353; x_wconf 89' lang='lat' dir='ltr'><strong>deinde</strong></span> <span class='ocrx_word' id='word_1_40' title='bbox 954 1301 1036 1354; x_wconf 91' lang='lat' dir='ltr'><strong>tunc</strong></span> <span class='ocrx_word' id='word_1_41' title='bbox 1051 1310 1144 1356; x_wconf 85' lang='lat' dir='ltr'><strong>reum</strong></span> 
     </span>
     <span class='ocr_line' id='line_1_8' title="bbox 73 1397 1148 1494; baseline 0.004 -28"><span class='ocrx_word' id='word_1_42' title='bbox 73 1399 200 1490; x_wconf 83' lang='lat' dir='ltr'><strong>qureri.</strong></span> <span class='ocrx_word' id='word_1_43' title='bbox 229 1397 282 1466; x_wconf 77' lang='lat' dir='ltr'><strong>Au</strong></span> <span class='ocrx_word' id='word_1_44' title='bbox 306 1397 385 1466; x_wconf 82' lang='lat' dir='ltr'><strong>laesn</strong></span> <span class='ocrx_word' id='word_1_45' title='bbox 409 1399 453 1466; x_wconf 90' lang='lat' dir='ltr'><strong>sit</strong></span> <span class='ocrx_word' id='word_1_46' title='bbox 474 1398 625 1492; x_wconf 77' lang='lat' dir='ltr'>respubl.</span> <span class='ocrx_word' id='word_1_47' title='bbox 650 1424 718 1469; x_wconf 91' lang='lat' dir='ltr'><strong>uon</strong></span> <span class='ocrx_word' id='word_1_48' title='bbox 738 1400 823 1468; x_wconf 90' lang='lat' dir='ltr'><strong>solet</strong></span> <span class='ocrx_word' id='word_1_49' title='bbox 841 1402 1049 1494; x_wconf 75' lang='lat' dir='ltr'>argumentis</span> <span class='ocrx_word' id='word_1_50' title='bbox 1065 1425 1148 1494; x_wconf 91' lang='lat' dir='ltr'><strong>pro-</strong></span> 
     </span>
     <span class='ocr_line' id='line_1_9' title="bbox 72 1512 1146 1608; baseline 0.004 -26"><span class='ocrx_word' id='word_1_51' title='bbox 72 1513 166 1582; x_wconf 78' lang='lat' dir='ltr'><strong>huri.</strong></span> <span class='ocrx_word' id='word_1_52' title='bbox 185 1512 364 1582; x_wconf 71' lang='lat' dir='ltr'><strong>Manifesta</strong></span> <span class='ocrx_word' id='word_1_53' title='bbox 384 1516 493 1582; x_wconf 81' lang='lat' dir='ltr'><strong>stetim</strong></span> <span class='ocrx_word' id='word_1_54' title='bbox 512 1517 601 1608; x_wconf 89' lang='lat' dir='ltr'><strong>reip.</strong></span> <span class='ocrx_word' id='word_1_55' title='bbox 623 1515 746 1584; x_wconf 82' lang='lat' dir='ltr'><strong>damna</strong></span> <span class='ocrx_word' id='word_1_56' title='bbox 767 1533 866 1599; x_wconf 88' lang='lat' dir='ltr'><strong>sunt,</strong></span> <span class='ocrx_word' id='word_1_57' title='bbox 892 1518 920 1584; x_wconf 81' lang='lat' dir='ltr'><strong>si</strong></span> <span class='ocrx_word' id='word_1_58' title='bbox 939 1518 1026 1585; x_wconf 92' lang='lat' dir='ltr'><strong>muri</strong></span> <span class='ocrx_word' id='word_1_59' title='bbox 1041 1517 1146 1586; x_wconf 90' lang='lat' dir='ltr'><strong>diruti</strong></span> 
     </span>
     <span class='ocr_line' id='line_1_10' title="bbox 73 1630 1145 1717; baseline 0 -17"><span class='ocrx_word' id='word_1_60' title='bbox 73 1647 176 1712; x_wconf 86' lang='lat' dir='ltr'><strong>suut,</strong></span> <span class='ocrx_word' id='word_1_61' title='bbox 199 1631 227 1700; x_wconf 90' lang='lat' dir='ltr'><strong>si</strong></span> <span class='ocrx_word' id='word_1_62' title='bbox 252 1630 368 1700; x_wconf 77' lang='lat' dir='ltr'><strong>classis</strong></span> <span class='ocrx_word' id='word_1_63' title='bbox 390 1631 528 1700; x_wconf 84' lang='lat' dir='ltr'><strong>incensu</strong></span> <span class='ocrx_word' id='word_1_64' title='bbox 544 1647 612 1713; x_wconf 85' lang='lat' dir='ltr'><strong>est,</strong></span> <span class='ocrx_word' id='word_1_65' title='bbox 630 1633 659 1698; x_wconf 81' lang='lat' dir='ltr'><strong>ti</strong></span> <span class='ocrx_word' id='word_1_66' title='bbox 679 1634 846 1700; x_wconf 84' lang='lat' dir='ltr'><strong>exercitus</strong></span> <span class='ocrx_word' id='word_1_67' title='bbox 862 1632 1025 1717; x_wconf 84' lang='lat' dir='ltr'><strong>amissus,</strong></span> <span class='ocrx_word' id='word_1_68' title='bbox 1041 1633 1069 1701; x_wconf 84' lang='lat' dir='ltr'><strong>si</strong></span> <span class='ocrx_word' id='word_1_69' title='bbox 1084 1657 1145 1700; x_wconf 88' lang='lat' dir='ltr'><strong>ve-</strong></span> 
     </span>
     <span class='ocr_line' id='line_1_11' title="bbox 74 1745 1146 1842; baseline -0.003 -25"><span class='ocrx_word' id='word_1_70' title='bbox 74 1746 409 1842; x_wconf 74' lang='lat' dir='ltr'><strong>ctigaliademinutu.</strong></span> <span class='ocrx_word' id='word_1_71' title='bbox 427 1749 500 1816; x_wconf 89' lang='lat' dir='ltr'><strong>Hoc</strong></span> <span class='ocrx_word' id='word_1_72' title='bbox 514 1747 688 1833; x_wconf 82' lang='lat' dir='ltr'><strong>damnum,</strong></span> <span class='ocrx_word' id='word_1_73' title='bbox 700 1745 793 1840; x_wconf 93' lang='lat' dir='ltr'><strong>quod</strong></span> <span class='ocrx_word' id='word_1_74' title='bbox 806 1763 842 1815; x_wconf 86' lang='lat' dir='ltr'><strong>tu</strong></span> <span class='ocrx_word' id='word_1_75' title='bbox 856 1747 990 1839; x_wconf 85' lang='lat' dir='ltr'><strong>objicis,</strong></span> <span class='ocrx_word' id='word_1_76' title='bbox 1008 1771 1075 1816; x_wconf 90' lang='lat' dir='ltr'><strong>non</strong></span> <span class='ocrx_word' id='word_1_77' title='bbox 1090 1750 1146 1816; x_wconf 88' lang='lat' dir='ltr'><strong>vi-</strong></span> 
     </span>
     <span class='ocr_line' id='line_1_12' title="bbox 74 1862 1146 1960; baseline 0 -27"><span class='ocrx_word' id='word_1_78' title='bbox 74 1864 190 1933; x_wconf 84' lang='lat' dir='ltr'><strong>debat.</strong></span> <span class='ocrx_word' id='word_1_79' title='bbox 203 1865 267 1933; x_wconf 91' lang='lat' dir='ltr'><strong>Die</strong></span> <span class='ocrx_word' id='word_1_80' title='bbox 280 1864 379 1948; x_wconf 91' lang='lat' dir='ltr'><strong>mihi,</strong></span> <span class='ocrx_word' id='word_1_81' title='bbox 391 1863 527 1956; x_wconf 83' lang='lat' dir='ltr'><strong>quando</strong></span> <span class='ocrx_word' id='word_1_82' title='bbox 541 1887 648 1956; x_wconf 90' lang='lat' dir='ltr'><strong>remp.</strong></span> <span class='ocrx_word' id='word_1_83' title='bbox 662 1862 744 1933; x_wconf 82' lang='lat' dir='ltr'><strong>laesit</strong></span> <span class='ocrx_word' id='word_1_84' title='bbox 755 1866 883 1958; x_wconf 82' lang='lat' dir='ltr'><strong>iquum</strong></span> <span class='ocrx_word' id='word_1_85' title='bbox 892 1890 998 1934; x_wconf 90' lang='lat' dir='ltr'><strong>uuum</strong></span> <span class='ocrx_word' id='word_1_86' title='bbox 1012 1866 1146 1960; x_wconf 87' lang='lat' dir='ltr'><strong>exposi-</strong></span> 
     </span>
     <span class='ocr_line' id='line_1_13' title="bbox 77 1978 1143 2073; baseline 0.003 -26"><span class='ocrx_word' id='word_1_87' title='bbox 77 1997 150 2048; x_wconf 88' lang='lat' dir='ltr'><strong>tum</strong></span> <span class='ocrx_word' id='word_1_88' title='bbox 164 1978 378 2048; x_wconf 78' lang='lat' dir='ltr'><strong>debilitavit?</strong></span> <span class='ocrx_word' id='word_1_89' title='bbox 388 1982 480 2073; x_wconf 86' lang='lat' dir='ltr'><strong>atqui</strong></span> <span class='ocrx_word' id='word_1_90' title='bbox 494 1982 593 2048; x_wconf 84' lang='lat' dir='ltr'><strong>etiam</strong></span> <span class='ocrx_word' id='word_1_91' title='bbox 607 1982 665 2072; x_wconf 91' lang='lat' dir='ltr'><strong>qui</strong></span> <span class='ocrx_word' id='word_1_92' title='bbox 680 1980 919 2049; x_wconf 91' lang='lat' dir='ltr'><strong>occiditunum</strong></span> <span class='ocrx_word' id='word_1_93' title='bbox 929 2031 938 2062; x_wconf 91' lang='lat'><strong>,</strong></span> <span class='ocrx_word' id='word_1_94' title='bbox 950 2007 1017 2050; x_wconf 91' lang='lat' dir='ltr'><strong>non</strong></span> <span class='ocrx_word' id='word_1_95' title='bbox 1031 1999 1143 2050; x_wconf 87' lang='lat' dir='ltr'><strong>tamen</strong></span> 
     </span>
     <span class='ocr_line' id='line_1_14' title="bbox 74 2094 1141 2188; baseline 0.003 -27"><span class='ocrx_word' id='word_1_96' title='bbox 74 2095 166 2188; x_wconf 91' lang='lat' dir='ltr'><strong>reip.</strong></span> <span class='ocrx_word' id='word_1_97' title='bbox 181 2094 265 2164; x_wconf 85' lang='lat' dir='ltr'><strong>laesae</strong></span> <span class='ocrx_word' id='word_1_98' title='bbox 280 2110 415 2164; x_wconf 90' lang='lat' dir='ltr'><strong>tenetur</strong></span> <span class='ocrx_word' id='word_1_99' title='bbox 429 2118 520 2179; x_wconf 86' lang='lat' dir='ltr'><strong>reus,</strong></span> <span class='ocrx_word' id='word_1_100' title='bbox 536 2095 596 2172; x_wconf 82' lang='lat' dir='ltr'><strong>sed</strong></span> <span class='ocrx_word' id='word_1_101' title='bbox 609 2096 710 2164; x_wconf 84' lang='lat' dir='ltr'><strong>caedis</strong></span> <span class='ocrx_word' id='word_1_102' title='bbox 723 2122 731 2165; x_wconf 75' lang='grc' dir='ltr'>ε</span> <span class='ocrx_word' id='word_1_103' title='bbox 744 2097 844 2164; x_wconf 87' lang='lat' dir='ltr'><strong>etiam</strong></span> <span class='ocrx_word' id='word_1_104' title='bbox 859 2099 919 2188; x_wconf 89' lang='lat' dir='ltr'><strong>qui</strong></span> <span class='ocrx_word' id='word_1_105' title='bbox 934 2095 1031 2179; x_wconf 89' lang='lat' dir='ltr'><strong>duos,</strong></span> <span class='ocrx_word' id='word_1_106' title='bbox 1043 2098 1141 2164; x_wconf 85' lang='lat' dir='ltr'><strong>ctiam</strong></span> 
     </span>
     <span class='ocr_line' id='line_1_15' title="bbox 73 2211 1144 2306; baseline 0.003 -27"><span class='ocrx_word' id='word_1_107' title='bbox 73 2214 135 2304; x_wconf 91' lang='lat' dir='ltr'><strong>qui</strong></span> <span class='ocrx_word' id='word_1_108' title='bbox 150 2211 278 2306; x_wconf 86' lang='lat' dir='ltr'><strong>plures.</strong></span> <span class='ocrx_word' id='word_1_109' title='bbox 296 2214 360 2280; x_wconf 90' lang='lat' dir='ltr'><strong>Dic</strong></span> <span class='ocrx_word' id='word_1_110' title='bbox 379 2212 482 2296; x_wconf 86' lang='lat' dir='ltr'><strong>mihi,</strong></span> <span class='ocrx_word' id='word_1_111' title='bbox 499 2213 575 2304; x_wconf 79' lang='lat' dir='ltr'><strong>quis</strong></span> <span class='ocrx_word' id='word_1_112' title='bbox 592 2237 753 2282; x_wconf 89' lang='lat' dir='ltr'><strong>numerus</strong></span> <span class='ocrx_word' id='word_1_113' title='bbox 766 2213 915 2298; x_wconf 79' lang='lat' dir='ltr'><strong>efficiar,</strong></span> <span class='ocrx_word' id='word_1_114' title='bbox 931 2229 968 2282; x_wconf 91' lang='lat' dir='ltr'><strong>ut</strong></span> <span class='ocrx_word' id='word_1_115' title='bbox 990 2215 1068 2283; x_wconf 81' lang='lat' dir='ltr'><strong>laesa</strong></span> <span class='ocrx_word' id='word_1_116' title='bbox 1092 2217 1144 2282; x_wconf 89' lang='lat' dir='ltr'><strong>vi·</strong></span> 
     </span>
     <span class='ocr_line' id='line_1_16' title="bbox 73 2327 1143 2428; baseline 0.005 -33"><span class='ocrx_word' id='word_1_117' title='bbox 73 2328 196 2396; x_wconf 77' lang='lat' dir='ltr'><strong>deutur</strong></span> <span class='ocrx_word' id='word_1_118' title='bbox 219 2351 312 2421; x_wconf 87' lang='lat' dir='ltr'><strong>resp.</strong></span> <span class='ocrx_word' id='word_1_119' title='bbox 328 2331 405 2396; x_wconf 92' lang='lat' dir='ltr'><strong>Duo</strong></span> <span class='ocrx_word' id='word_1_120' title='bbox 422 2327 657 2412; x_wconf 81' lang='lat' dir='ltr'>debilitantur,</span> <span class='ocrx_word' id='word_1_121' title='bbox 680 2330 829 2400; x_wconf 91' lang='lat' dir='ltr'><strong>nondum</strong></span> <span class='ocrx_word' id='word_1_122' title='bbox 851 2355 939 2423; x_wconf 85' lang='lat' dir='ltr'><strong>resp.</strong></span> <span class='ocrx_word' id='word_1_123' title='bbox 951 2335 977 2397; x_wconf 86' lang='lat'><strong>¹.</strong></span> <span class='ocrx_word' id='word_1_124' title='bbox 994 2331 1143 2428; x_wconf 80' lang='lat' dir='ltr'><strong>Infantes</strong></span> 
     </span>
     <span class='ocr_line' id='line_1_17' title="bbox 71 2443 1138 2538; baseline 0.003 -25"><span class='ocrx_word' id='word_1_125' title='bbox 71 2443 248 2538; x_wconf 89' lang='lat' dir='ltr'><strong>perdidit,</strong></span> <span class='ocrx_word' id='word_1_126' title='bbox 265 2459 299 2511; x_wconf 87' lang='lat' dir='ltr'><strong>et</strong></span> <span class='ocrx_word' id='word_1_127' title='bbox 320 2445 473 2516; x_wconf 80' lang='lat' dir='ltr'><strong>infelices</strong></span> <span class='ocrx_word' id='word_1_128' title='bbox 484 2449 511 2513; x_wconf 86' lang='lat'><strong>².</strong></span> <span class='ocrx_word' id='word_1_129' title='bbox 528 2447 738 2532; x_wconf 78' lang='lat' dir='ltr'><strong>Potuerunt,</strong></span> <span class='ocrx_word' id='word_1_130' title='bbox 761 2448 896 2538; x_wconf 90' lang='lat' dir='ltr'><strong>inquit,</strong></span> <span class='ocrx_word' id='word_1_131' title='bbox 918 2448 1020 2516; x_wconf 84' lang='lat' dir='ltr'><strong>duces</strong></span> <span class='ocrx_word' id='word_1_132' title='bbox 1039 2449 1138 2536; x_wconf 71' lang='lat' dir='ltr'><strong>fieri,</strong></span> 
     </span>
     <span class='ocr_line' id='line_1_18' title="bbox 70 2559 1141 2656; baseline 0.001 -27"><span class='ocrx_word' id='word_1_133' title='bbox 70 2575 259 2655; x_wconf 86' lang='lat' dir='ltr'><strong>potnerunt</strong></span> <span class='ocrx_word' id='word_1_134' title='bbox 269 2561 369 2627; x_wconf 82' lang='lat' dir='ltr'><strong>etiarn</strong></span> <span class='ocrx_word' id='word_1_135' title='bbox 380 2559 536 2652; x_wconf 71' lang='lat' dir='ltr'><strong>sacrilegi</strong></span> <span class='ocrx_word' id='word_1_136' title='bbox 548 2583 621 2629; x_wconf 86' lang='lat' dir='ltr'><strong>esse</strong></span> <span class='ocrx_word' id='word_1_137' title='bbox 635 2577 673 2652; x_wconf 87' lang='lat' dir='ltr'><strong>et</strong></span> <span class='ocrx_word' id='word_1_138' title='bbox 685 2561 865 2656; x_wconf 73' lang='lat' dir='ltr'><strong>homicide</strong></span> <span class='ocrx_word' id='word_1_139' title='bbox 884 2587 892 2629; x_wconf 76' lang='grc' dir='ltr'><strong><em>ε</em></strong></span> <span class='ocrx_word' id='word_1_140' title='bbox 908 2577 1093 2654; x_wconf 86' lang='lat' dir='ltr'><strong>potuerunt</strong></span> <span class='ocrx_word' id='word_1_141' title='bbox 1107 2579 1141 2630; x_wconf 90' lang='lat' dir='ltr'><strong>et</strong></span> 
     </span>
     <span class='ocr_line' id='line_1_19' title="bbox 72 2673 1142 2768; baseline 0.003 -26"><span class='ocrx_word' id='word_1_142' title='bbox 72 2675 204 2768; x_wconf 88' lang='lat' dir='ltr'><strong>perire.</strong></span> <span class='ocrx_word' id='word_1_143' title='bbox 228 2673 385 2744; x_wconf 79' lang='lat' dir='ltr'><strong>Attamen</strong></span> <span class='ocrx_word' id='word_1_144' title='bbox 408 2674 579 2744; x_wconf 81' lang='lat' dir='ltr'><strong>crudelem</strong></span> <span class='ocrx_word' id='word_1_145' title='bbox 592 2700 664 2746; x_wconf 90' lang='lat' dir='ltr'><strong>rem</strong></span> <span class='ocrx_word' id='word_1_146' title='bbox 679 2676 758 2745; x_wconf 83' lang='lat' dir='ltr'><strong>lucit</strong></span> <span class='ocrx_word' id='word_1_147' title='bbox 771 2693 806 2744; x_wconf 88' lang='lat' dir='ltr'><strong>et</strong></span> <span class='ocrx_word' id='word_1_148' title='bbox 818 2676 957 2761; x_wconf 84' lang='lat' dir='ltr'><strong>lanista,</strong></span> <span class='ocrx_word' id='word_1_149' title='bbox 972 2701 1036 2745; x_wconf 87' lang='lat' dir='ltr'><strong>nee</strong></span> <span class='ocrx_word' id='word_1_150' title='bbox 1048 2676 1142 2745; x_wconf 85' lang='lat' dir='ltr'><strong>dam-</strong></span> 
     </span>
     <span class='ocr_line' id='line_1_20' title="bbox 72 2790 1143 2886; baseline 0 -26"><span class='ocrx_word' id='word_1_151' title='bbox 72 2807 175 2860; x_wconf 78' lang='lat' dir='ltr'><strong>untur</strong></span> <span class='ocrx_word' id='word_1_152' title='bbox 200 2793 290 2884; x_wconf 88' lang='lat' dir='ltr'><strong>reip.</strong></span> <span class='ocrx_word' id='word_1_153' title='bbox 318 2790 404 2860; x_wconf 76' lang='lat' dir='ltr'><strong>laesee</strong></span> <span class='ocrx_word' id='word_1_154' title='bbox 421 2817 430 2858; x_wconf 72' lang='grc' dir='ltr'><em>τ</em></span> <span class='ocrx_word' id='word_1_155' title='bbox 446 2807 479 2858; x_wconf 94' lang='lat' dir='ltr'><strong>et</strong></span> <span class='ocrx_word' id='word_1_156' title='bbox 500 2791 600 2876; x_wconf 93' lang='lat' dir='ltr'><strong>leno,</strong></span> <span class='ocrx_word' id='word_1_157' title='bbox 626 2793 686 2884; x_wconf 90' lang='lat' dir='ltr'><strong>qui</strong></span> <span class='ocrx_word' id='word_1_158' title='bbox 712 2794 804 2886; x_wconf 79' lang='lat' dir='ltr'><strong>cogit</strong></span> <span class='ocrx_word' id='word_1_159' title='bbox 829 2793 952 2860; x_wconf 84' lang='lat' dir='ltr'><strong>inritas</strong></span> <span class='ocrx_word' id='word_1_160' title='bbox 976 2793 1045 2884; x_wconf 83' lang='lat' dir='ltr'><strong>pati</strong></span> <span class='ocrx_word' id='word_1_161' title='bbox 1072 2809 1143 2860; x_wconf 87' lang='lat' dir='ltr'><strong>stu-</strong></span> 
     </span>
     <span class='ocr_line' id='line_1_21' title="bbox 71 2906 1141 3000; baseline 0.001 -24"><span class='ocrx_word' id='word_1_162' title='bbox 71 2931 196 3000; x_wconf 88' lang='lat' dir='ltr'><strong>prum,</strong></span> <span class='ocrx_word' id='word_1_163' title='bbox 214 2929 278 2996; x_wconf 80' lang='lat' dir='ltr'><strong>nee</strong></span> <span class='ocrx_word' id='word_1_164' title='bbox 295 2906 384 2976; x_wconf 84' lang='lat' dir='ltr'><strong>ltedit</strong></span> <span class='ocrx_word' id='word_1_165' title='bbox 398 2929 507 2999; x_wconf 88' lang='lat' dir='ltr'><strong>remp.</strong></span> <span class='ocrx_word' id='word_1_166' title='bbox 523 2911 595 3000; x_wconf 84' lang='lat' dir='ltr'><strong>Ego</strong></span> <span class='ocrx_word' id='word_1_167' title='bbox 607 2931 699 2976; x_wconf 90' lang='lat' dir='ltr'><strong>nunc</strong></span> <span class='ocrx_word' id='word_1_168' title='bbox 714 2932 782 2976; x_wconf 93' lang='lat' dir='ltr'><strong>non</strong></span> <span class='ocrx_word' id='word_1_169' title='bbox 796 2907 928 2976; x_wconf 79' lang='lat' dir='ltr'><strong>laudari</strong></span> <span class='ocrx_word' id='word_1_170' title='bbox 942 2933 1036 2977; x_wconf 92' lang='lat' dir='ltr'><strong>reum</strong></span> <span class='ocrx_word' id='word_1_171' title='bbox 1051 2910 1141 2977; x_wconf 91' lang='lat' dir='ltr'><strong>desi-</strong></span> 
     </span>
     <span class='ocr_line' id='line_1_22' title="bbox 73 3021 1138 3120; baseline 0.002 -28"><span class='ocrx_word' id='word_1_172' title='bbox 73 3023 182 3110; x_wconf 89' lang='lat' dir='ltr'><strong>dero,</strong></span> <span class='ocrx_word' id='word_1_173' title='bbox 196 3023 257 3091; x_wconf 89' lang='lat' dir='ltr'><strong>sed</strong></span> <span class='ocrx_word' id='word_1_174' title='bbox 271 3022 418 3110; x_wconf 68' lang='lat' dir='ltr'><strong>absolvi,</strong></span> <span class='ocrx_word' id='word_1_175' title='bbox 434 3038 553 3092; x_wconf 87' lang='lat' dir='ltr'><strong>noceat</strong></span> <span class='ocrx_word' id='word_1_176' title='bbox 574 3021 641 3092; x_wconf 91' lang='lat' dir='ltr'><strong>hoc</strong></span> <span class='ocrx_word' id='word_1_177' title='bbox 664 3023 713 3090; x_wconf 92' lang='lat' dir='ltr'><strong>illi</strong></span> <span class='ocrx_word' id='word_1_178' title='bbox 729 3073 738 3106; x_wconf 92' lang='lat'><strong>,</strong></span> <span class='ocrx_word' id='word_1_179' title='bbox 762 3049 865 3117; x_wconf 91' lang='lat' dir='ltr'><strong>quum</strong></span> <span class='ocrx_word' id='word_1_180' title='bbox 883 3025 1028 3094; x_wconf 86' lang='lat' dir='ltr'><strong>honores</strong></span> <span class='ocrx_word' id='word_1_181' title='bbox 1041 3027 1138 3120; x_wconf 88' lang='lat' dir='ltr'><strong>petit.</strong></span> 
     </span>
     <span class='ocr_line' id='line_1_23' title="bbox 69 3136 1141 3232; baseline 0.003 -23"><span class='ocrx_word' id='word_1_182' title='bbox 69 3143 189 3209; x_wconf 86' lang='lat' dir='ltr'><strong>Potest</strong></span> <span class='ocrx_word' id='word_1_183' title='bbox 199 3138 325 3232; x_wconf 86' lang='lat' dir='ltr'><strong>aliquis</strong></span> <span class='ocrx_word' id='word_1_184' title='bbox 337 3155 372 3210; x_wconf 89' lang='lat' dir='ltr'><strong>et</strong></span> <span class='ocrx_word' id='word_1_185' title='bbox 383 3163 453 3208; x_wconf 92' lang='lat' dir='ltr'><strong>non</strong></span> <span class='ocrx_word' id='word_1_186' title='bbox 467 3136 651 3208; x_wconf 75' lang='lat' dir='ltr'><strong>euschemo</strong></span> <span class='ocrx_word' id='word_1_187' title='bbox 665 3141 836 3222; x_wconf 84' lang='lat' dir='ltr'><strong>honestus,</strong></span> <span class='ocrx_word' id='word_1_188' title='bbox 850 3158 884 3210; x_wconf 88' lang='lat' dir='ltr'><strong>et</strong></span> <span class='ocrx_word' id='word_1_189' title='bbox 894 3167 966 3211; x_wconf 89' lang='lat' dir='ltr'><strong>esse</strong></span> <span class='ocrx_word' id='word_1_190' title='bbox 978 3145 1141 3212; x_wconf 86' lang='lat' dir='ltr'><strong>innocens</strong></span> 
     </span>
     <span class='ocr_line' id='line_1_24' title="bbox 72 3251 1139 3346; baseline 0.004 -24"><span class='ocrx_word' id='word_1_191' title='bbox 72 3277 165 3322; x_wconf 87' lang='lat' dir='ltr'><strong>rens.</strong></span> <span class='ocrx_word' id='word_1_192' title='bbox 182 3251 386 3337; x_wconf 85' lang='lat' dir='ltr'><strong>Deinde&#39;au,</strong></span> <span class='ocrx_word' id='word_1_193' title='bbox 404 3255 433 3320; x_wconf 89' lang='lat' dir='ltr'><strong>si</strong></span> <span class='ocrx_word' id='word_1_194' title='bbox 451 3252 523 3322; x_wconf 75' lang='lat' dir='ltr'><strong>lesu</strong></span> <span class='ocrx_word' id='word_1_195' title='bbox 539 3255 582 3320; x_wconf 88' lang='lat' dir='ltr'><strong>sit</strong></span> <span class='ocrx_word' id='word_1_196' title='bbox 596 3277 687 3346; x_wconf 89' lang='lat' dir='ltr'><strong>resp.</strong></span> <span class='ocrx_word' id='word_1_197' title='bbox 709 3253 753 3320; x_wconf 82' lang='lat' dir='ltr'><strong>eb</strong></span> <span class='ocrx_word' id='word_1_198' title='bbox 776 3252 842 3322; x_wconf 92' lang='lat' dir='ltr'><strong>hoc</strong></span> <span class='ocrx_word' id='word_1_199' title='bbox 857 3254 933 3323; x_wconf 82' lang='lat' dir='ltr'><strong>loesa</strong></span> <span class='ocrx_word' id='word_1_200' title='bbox 953 3259 1010 3324; x_wconf 83' lang='lat' dir='ltr'><strong>sit.</strong></span> <span class='ocrx_word' id='word_1_201' title='bbox 1023 3259 1099 3325; x_wconf 90' lang='lat' dir='ltr'><strong>Non</strong></span> <span class='ocrx_word' id='word_1_202' title='bbox 1120 3281 1139 3326; x_wconf 82' lang='lat' dir='ltr'>a</span> 
     </span>
    </p>
   </div>
   <div class='ocr_carea' id='block_1_5' title="bbox 69 3443 1187 4300">
    <p class='ocr_par' dir='ltr' id='par_1_5' title="bbox 69 3443 1139 3594">
     <span class='ocr_line' id='line_1_25' title="bbox 70 3443 1139 3522; baseline 0.003 -25"><span class='ocrx_word' id='word_1_203' title='bbox 70 3447 96 3498; x_wconf 89' lang='lat' dir='ltr'><strong>in</strong></span> <span class='ocrx_word' id='word_1_204' title='bbox 109 3443 218 3498; x_wconf 84' lang='lat' dir='ltr'><strong>ruoduur</strong></span> <span class='ocrx_word' id='word_1_205' title='bbox 231 3463 334 3507; x_wconf 72' lang='lat' dir='ltr'><strong>avarus,</strong></span> <span class='ocrx_word' id='word_1_206' title='bbox 348 3444 495 3516; x_wconf 80' lang='lat' dir='ltr'><strong>civibusque</strong></span> <span class='ocrx_word' id='word_1_207' title='bbox 511 3445 584 3498; x_wconf 86' lang='lat' dir='ltr'><strong>oneri</strong></span> <span class='ocrx_word' id='word_1_208' title='bbox 633 3445 751 3510; x_wconf 81' lang='lat' dir='ltr'><strong>reddere,</strong></span> <span class='ocrx_word' id='word_1_209' title='bbox 765 3445 881 3498; x_wconf 87' lang='lat' dir='ltr'><strong>nondum</strong></span> <span class='ocrx_word' id='word_1_210' title='bbox 899 3459 983 3499; x_wconf 83' lang='lat' dir='ltr'><strong>temen</strong></span> <span class='ocrx_word' id='word_1_211' title='bbox 999 3449 1064 3502; x_wconf 82' lang='lat' dir='ltr'><strong>lreste</strong></span> <span class='ocrx_word' id='word_1_212' title='bbox 1080 3448 1139 3522; x_wconf 92' lang='lat' dir='ltr'><strong>reip.</strong></span> 
     </span>
     <span class='ocr_line' id='line_1_26' title="bbox 69 3521 962 3594; baseline -0.002 -18"><span class='ocrx_word' id='word_1_213' title='bbox 69 3521 220 3591; x_wconf 74' lang='lat' dir='ltr'><strong>denuoque</strong></span> <span class='ocrx_word' id='word_1_214' title='bbox 234 3521 395 3576; x_wconf 71' lang='lat' dir='ltr'><strong>eenriehult.</strong></span> <span class='ocrx_word' id='word_1_215' title='bbox 593 3557 595 3564; x_wconf 39' lang='grc' dir='ltr'><strong><em>ι</em></strong></span> <span class='ocrx_word' id='word_1_216' title='bbox 633 3524 741 3577; x_wconf 74' lang='lat' dir='ltr'><strong>recusuri</strong></span> <span class='ocrx_word' id='word_1_217' title='bbox 753 3535 847 3594; x_wconf 85' lang='lat' dir='ltr'><strong>potero.</strong></span> <span class='ocrx_word' id='word_1_218' title='bbox 858 3523 962 3580; x_wconf 72' lang='lat' dir='ltr'><strong>Setutr.</strong></span> 
     </span>
    </p>

    <p class='ocr_par' dir='ltr' id='par_1_6' title="bbox 70 3597 1187 4300">
     <span class='ocr_line' id='line_1_27' title="bbox 105 3597 1138 3674; baseline 0.003 -23"><span class='ocrx_word' id='word_1_219' title='bbox 105 3619 127 3652; x_wconf 90' lang='lat' dir='ltr'><strong>r.</strong></span> <span class='ocrx_word' id='word_1_220' title='bbox 137 3597 202 3652; x_wconf 75' lang='lat' dir='ltr'><strong>Duo</strong></span> <span class='ocrx_word' id='word_1_221' title='bbox 208 3599 385 3665; x_wconf 80' lang='lat' dir='ltr'><strong>debilitantur,</strong></span> <span class='ocrx_word' id='word_1_222' title='bbox 394 3602 508 3653; x_wconf 81' lang='lat' dir='ltr'><strong>nondum</strong></span> <span class='ocrx_word' id='word_1_223' title='bbox 518 3617 583 3669; x_wconf 83' lang='lat' dir='ltr'><strong>resp.</strong></span> <span class='ocrx_word' id='word_1_224' title='bbox 665 3621 688 3652; x_wconf 79' lang='lat' dir='ltr'><strong>u.</strong></span> <span class='ocrx_word' id='word_1_225' title='bbox 709 3599 829 3670; x_wconf 66' lang='lat' dir='ltr'><strong>Irffurrtes</strong></span> <span class='ocrx_word' id='word_1_226' title='bbox 840 3605 972 3670; x_wconf 81' lang='lat' dir='ltr'><strong>perdidit,</strong></span> <span class='ocrx_word' id='word_1_227' title='bbox 986 3615 1010 3656; x_wconf 84' lang='lat' dir='ltr'><strong>et</strong></span> <span class='ocrx_word' id='word_1_228' title='bbox 1021 3605 1138 3674; x_wconf 80' lang='lat' dir='ltr'><strong>infelices.</strong></span> 
     </span>
     <span class='ocr_line' id='line_1_28' title="bbox 70 3676 1187 3752; baseline 0.001 -23"><span class='ocrx_word' id='word_1_229' title='bbox 70 3678 161 3747; x_wconf 81' lang='lat' dir='ltr'><strong>Quum</strong></span> <span class='ocrx_word' id='word_1_230' title='bbox 174 3676 206 3728; x_wconf 87' lang='lat' dir='ltr'><strong>de</strong></span> <span class='ocrx_word' id='word_1_231' title='bbox 219 3676 317 3732; x_wconf 79' lang='lat' dir='ltr'><strong>duobos</strong></span> <span class='ocrx_word' id='word_1_232' title='bbox 333 3689 357 3732; x_wconf 84' lang='lat' dir='ltr'><strong>et</strong></span> <span class='ocrx_word' id='word_1_233' title='bbox 368 3677 483 3752; x_wconf 86' lang='lat' dir='ltr'><strong>pluribus</strong></span> <span class='ocrx_word' id='word_1_234' title='bbox 495 3677 582 3730; x_wconf 86' lang='lat' dir='ltr'><strong>eodem</strong></span> <span class='ocrx_word' id='word_1_235' title='bbox 631 3677 748 3730; x_wconf 81' lang='lat' dir='ltr'><strong>Fortssse</strong></span> <span class='ocrx_word' id='word_1_236' title='bbox 759 3677 807 3732; x_wconf 80' lang='lat' dir='ltr'><strong>tuit</strong></span> <span class='ocrx_word' id='word_1_237' title='bbox 820 3697 825 3728; x_wconf 96' lang='lat'><strong>:</strong></span> <span class='ocrx_word' id='word_1_238' title='bbox 836 3677 961 3742; x_wconf 72' lang='lat' dir='ltr'><strong>Juvenes,</strong></span> <span class='ocrx_word' id='word_1_239' title='bbox 970 3683 1065 3751; x_wconf 78' lang='lat' dir='ltr'><strong>inquii.</strong></span> <span class='ocrx_word' id='word_1_240' title='bbox 1078 3691 1140 3733; x_wconf 84' lang='lat' dir='ltr'><strong>sunt</strong></span> <span class='ocrx_word' id='word_1_241' title='bbox 1184 3677 1187 3684; x_wconf 82' lang='lat'>&#39;</span> 
     </span>
     <span class='ocr_line' id='line_1_29' title="bbox 70 3752 1140 3829; baseline 0.002 -21"><span class='ocrx_word' id='word_1_242' title='bbox 70 3753 98 3808; x_wconf 90' lang='lat' dir='ltr'><strong>iu</strong></span> <span class='ocrx_word' id='word_1_243' title='bbox 109 3753 215 3828; x_wconf 78' lang='lat' dir='ltr'><strong>negotio</strong></span> <span class='ocrx_word' id='word_1_244' title='bbox 229 3754 262 3808; x_wconf 74' lang='lat' dir='ltr'><strong>its</strong></span> <span class='ocrx_word' id='word_1_245' title='bbox 273 3752 327 3828; x_wconf 77' lang='lat' dir='ltr'><strong>jem</strong></span> <span class='ocrx_word' id='word_1_246' title='bbox 343 3753 506 3828; x_wconf 71' lang='lat' dir='ltr'><strong>precesserit,</strong></span> <span class='ocrx_word' id='word_1_247' title='bbox 523 3755 583 3807; x_wconf 88' lang='lat' dir='ltr'><strong>ine-</strong></span> <span class='ocrx_word' id='word_1_248' title='bbox 629 3774 695 3824; x_wconf 83' lang='lat' dir='ltr'><strong>porr</strong></span> <span class='ocrx_word' id='word_1_249' title='bbox 706 3754 856 3824; x_wconf 69' lang='lat' dir='ltr'><strong>reipublice·</strong></span> <span class='ocrx_word' id='word_1_250' title='bbox 870 3758 983 3829; x_wconf 71' lang='lat' dir='ltr'><strong>insontes</strong></span> <span class='ocrx_word' id='word_1_251' title='bbox 992 3761 1105 3827; x_wconf 82' lang='lat' dir='ltr'><strong>perdidit</strong></span> <span class='ocrx_word' id='word_1_252' title='bbox 1114 3769 1140 3811; x_wconf 78' lang='lat' dir='ltr'><strong>et</strong></span> 
     </span>
     <span class='ocr_line' id='line_1_30' title="bbox 71 3833 1138 3911; baseline 0.003 -26"><span class='ocrx_word' id='word_1_253' title='bbox 71 3847 142 3907; x_wconf 84' lang='lat' dir='ltr'><strong>ptum</strong></span> <span class='ocrx_word' id='word_1_254' title='bbox 152 3847 178 3885; x_wconf 89' lang='lat' dir='ltr'><strong>et</strong></span> <span class='ocrx_word' id='word_1_255' title='bbox 188 3833 302 3906; x_wconf 86' lang='lat' dir='ltr'><strong>putidum</strong></span> <span class='ocrx_word' id='word_1_256' title='bbox 312 3849 347 3888; x_wconf 80' lang='lat' dir='ltr'><strong>ert</strong></span> <span class='ocrx_word' id='word_1_257' title='bbox 356 3835 464 3888; x_wconf 88' lang='lat' dir='ltr'><strong>duorum</strong></span> <span class='ocrx_word' id='word_1_258' title='bbox 474 3834 515 3888; x_wconf 83' lang='lat' dir='ltr'><strong>hie</strong></span> <span class='ocrx_word' id='word_1_259' title='bbox 523 3853 583 3886; x_wconf 89' lang='lat' dir='ltr'><strong>rur·</strong></span> <span class='ocrx_word' id='word_1_260' title='bbox 632 3834 753 3907; x_wconf 68' lang='lat' dir='ltr'><strong>irfilices.</strong></span> <span class='ocrx_word' id='word_1_261' title='bbox 764 3837 827 3890; x_wconf 82' lang='lat' dir='ltr'><strong>Pars</strong></span> <span class='ocrx_word' id='word_1_262' title='bbox 837 3837 905 3907; x_wconf 89' lang='lat' dir='ltr'><strong>prior</strong></span> <span class='ocrx_word' id='word_1_263' title='bbox 916 3835 1024 3911; x_wconf 83' lang='lat' dir='ltr'><strong>objectio</strong></span> <span class='ocrx_word' id='word_1_264' title='bbox 1032 3849 1066 3894; x_wconf 83' lang='lat' dir='ltr'><strong>est</strong></span> <span class='ocrx_word' id='word_1_265' title='bbox 1075 3857 1138 3889; x_wconf 87' lang='lat' dir='ltr'><strong>eon·</strong></span> 
     </span>
     <span class='ocr_line' id='line_1_31' title="bbox 70 3911 1154 3985; baseline 0.006 -20"><span class='ocrx_word' id='word_1_266' title='bbox 70 3931 112 3966; x_wconf 84' lang='lat' dir='ltr'><strong>sus</strong></span> <span class='ocrx_word' id='word_1_267' title='bbox 125 3911 182 3967; x_wconf 85' lang='lat' dir='ltr'><strong>fieri</strong></span> <span class='ocrx_word' id='word_1_268' title='bbox 199 3913 362 3966; x_wconf 81' lang='lat' dir='ltr'><strong>mentionem.</strong></span> <span class='ocrx_word' id='word_1_269' title='bbox 383 3915 422 3968; x_wconf 91' lang='lat' dir='ltr'><strong>De</strong></span> <span class='ocrx_word' id='word_1_270' title='bbox 439 3912 582 3985; x_wconf 78' lang='lat' dir='ltr'><strong>conjecturs</strong></span> <span class='ocrx_word' id='word_1_271' title='bbox 633 3921 672 3966; x_wconf 81' lang='lat' dir='ltr'><strong>lm</strong></span> <span class='ocrx_word' id='word_1_272' title='bbox 691 3933 765 3978; x_wconf 90' lang='lat' dir='ltr'><strong>eum,</strong></span> <span class='ocrx_word' id='word_1_273' title='bbox 788 3914 832 3985; x_wconf 86' lang='lat' dir='ltr'><strong>qui</strong></span> <span class='ocrx_word' id='word_1_274' title='bbox 845 3915 1032 3978; x_wconf 74' lang='lat' dir='ltr'><strong>debilitaverat,</strong></span> <span class='ocrx_word' id='word_1_275' title='bbox 1048 3933 1077 3968; x_wconf 86' lang='lat' dir='ltr'><strong>eo</strong></span> <span class='ocrx_word' id='word_1_276' title='bbox 1091 3913 1154 3972; x_wconf 56' lang='grc' dir='ltr'><strong>ΕΡ,</strong></span> 
     </span>
     <span class='ocr_line' id='line_1_32' title="bbox 70 3991 1137 4064; baseline 0.001 -20"><span class='ocrx_word' id='word_1_277' title='bbox 70 3991 195 4046; x_wconf 83' lang='lat' dir='ltr'><strong>restituo:</strong></span> <span class='ocrx_word' id='word_1_278' title='bbox 211 3995 294 4046; x_wconf 85' lang='lat' dir='ltr'><strong>denuo</strong></span> <span class='ocrx_word' id='word_1_279' title='bbox 312 3993 495 4058; x_wconf 78' lang='lat' dir='ltr'><strong>debilitentur,</strong></span> <span class='ocrx_word' id='word_1_280' title='bbox 513 4012 582 4044; x_wconf 85' lang='lat' dir='ltr'><strong>non·</strong></span> <span class='ocrx_word' id='word_1_281' title='bbox 631 3992 707 4058; x_wconf 86' lang='lat' dir='ltr'><strong>miur,</strong></span> <span class='ocrx_word' id='word_1_282' title='bbox 720 3993 789 4062; x_wconf 90' lang='lat' dir='ltr'><strong>quod</strong></span> <span class='ocrx_word' id='word_1_283' title='bbox 798 3993 906 4045; x_wconf 78' lang='lat' dir='ltr'><strong>llorusni</strong></span> <span class='ocrx_word' id='word_1_284' title='bbox 919 4013 1017 4064; x_wconf 83' lang='lat' dir='ltr'><strong>quoque</strong></span> <span class='ocrx_word' id='word_1_285' title='bbox 1031 3995 1097 4046; x_wconf 84' lang='lat' dir='ltr'><strong>rives</strong></span> <span class='ocrx_word' id='word_1_286' title='bbox 1110 3994 1137 4047; x_wconf 88' lang='lat' dir='ltr'><strong>in</strong></span> 
     </span>
     <span class='ocr_line' id='line_1_33' title="bbox 71 4067 1139 4142; baseline 0 -18"><span class='ocrx_word' id='word_1_287' title='bbox 71 4072 134 4124; x_wconf 83' lang='lat' dir='ltr'><strong>dum</strong></span> <span class='ocrx_word' id='word_1_288' title='bbox 150 4091 218 4138; x_wconf 82' lang='lat' dir='ltr'><strong>resp.</strong></span> <span class='ocrx_word' id='word_1_289' title='bbox 231 4073 306 4126; x_wconf 77' lang='lat' dir='ltr'><strong>lasa.</strong></span> <span class='ocrx_word' id='word_1_290' title='bbox 320 4071 390 4125; x_wconf 85' lang='lat' dir='ltr'><strong>lstud</strong></span> <span class='ocrx_word' id='word_1_291' title='bbox 403 4089 483 4126; x_wconf 75' lang='lat' dir='ltr'><strong>truste</strong></span> <span class='ocrx_word' id='word_1_292' title='bbox 501 4070 582 4124; x_wconf 79' lang='lat' dir='ltr'><strong>fideus</strong></span> <span class='ocrx_word' id='word_1_293' title='bbox 631 4069 741 4124; x_wconf 83' lang='lat' dir='ltr'><strong>seniores</strong></span> <span class='ocrx_word' id='word_1_294' title='bbox 751 4083 775 4124; x_wconf 85' lang='lat' dir='ltr'><strong>et</strong></span> <span class='ocrx_word' id='word_1_295' title='bbox 782 4071 893 4142; x_wconf 81' lang='lat' dir='ltr'><strong>juniores</strong></span> <span class='ocrx_word' id='word_1_296' title='bbox 902 4071 994 4124; x_wconf 88' lang='lat' dir='ltr'><strong>tributi.</strong></span> <span class='ocrx_word' id='word_1_297' title='bbox 1008 4067 1139 4124; x_wconf 72' lang='lat' dir='ltr'><strong>Alterr&#39;est</strong></span> 
     </span>
     <span class='ocr_line' id='line_1_34' title="bbox 71 4147 1139 4219; baseline 0 -17"><span class='ocrx_word' id='word_1_298' title='bbox 71 4167 121 4204; x_wconf 65' lang='lat' dir='ltr'><strong>sun</strong></span> <span class='ocrx_word' id='word_1_299' title='bbox 138 4149 213 4202; x_wconf 57' lang='lat' dir='ltr'><strong>dicits</strong></span> <span class='ocrx_word' id='word_1_300' title='bbox 224 4149 319 4206; x_wconf 83' lang='lat' dir='ltr'><strong>Denuo</strong></span> <span class='ocrx_word' id='word_1_301' title='bbox 330 4151 351 4203; x_wconf 84' lang='lat' dir='ltr'><strong>si</strong></span> <span class='ocrx_word' id='word_1_302' title='bbox 364 4149 494 4204; x_wconf 80' lang='lat' dir='ltr'><strong>debilitare</strong></span> <span class='ocrx_word' id='word_1_303' title='bbox 504 4149 583 4202; x_wconf 85' lang='lat' dir='ltr'><strong>velim</strong></span> <span class='ocrx_word' id='word_1_304' title='bbox 632 4148 778 4219; x_wconf 88' lang='lat' dir='ltr'><strong>responsio:</strong></span> <span class='ocrx_word' id='word_1_305' title='bbox 793 4167 846 4200; x_wconf 90' lang='lat' dir='ltr'><strong>non</strong></span> <span class='ocrx_word' id='word_1_306' title='bbox 865 4148 933 4200; x_wconf 84' lang='lat' dir='ltr'><strong>suere</strong></span> <span class='ocrx_word' id='word_1_307' title='bbox 954 4147 1071 4218; x_wconf 66' lang='lat' dir='ltr'><strong>juvenis,</strong></span> <span class='ocrx_word' id='word_1_308' title='bbox 1095 4151 1139 4202; x_wconf 85' lang='lat' dir='ltr'><strong>sed</strong></span> 
     </span>
     <span class='ocr_line' id='line_1_35' title="bbox 72 4223 994 4300; baseline 0.004 -24"><span class='ocrx_word' id='word_1_309' title='bbox 72 4239 96 4276; x_wconf 89' lang='lat' dir='ltr'><strong>et</strong></span> <span class='ocrx_word' id='word_1_310' title='bbox 114 4227 196 4300; x_wconf 75' lang='lat' dir='ltr'><strong>magis</strong></span> <span class='ocrx_word' id='word_1_311' title='bbox 218 4227 293 4281; x_wconf 78' lang='lat' dir='ltr'><strong>etism</strong></span> <span class='ocrx_word' id='word_1_312' title='bbox 312 4248 414 4284; x_wconf 73' lang='lat' dir='ltr'><strong>maneos</strong></span> <span class='ocrx_word' id='word_1_313' title='bbox 438 4240 464 4280; x_wconf 90' lang='lat' dir='ltr'><strong>et</strong></span> <span class='ocrx_word' id='word_1_314' title='bbox 482 4227 582 4281; x_wconf 87' lang='lat' dir='ltr'><strong>mutilos</strong></span> <span class='ocrx_word' id='word_1_315' title='bbox 633 4225 740 4280; x_wconf 77' lang='lat' dir='ltr'><strong>inientes</strong></span> <span class='ocrx_word' id='word_1_316' title='bbox 752 4239 775 4279; x_wconf 86' lang='lat' dir='ltr'><strong>et</strong></span> <span class='ocrx_word' id='word_1_317' title='bbox 787 4223 900 4297; x_wconf 85' lang='lat' dir='ltr'><strong>expositi.</strong></span> <span class='ocrx_word' id='word_1_318' title='bbox 914 4225 994 4280; x_wconf 85' lang='lat' dir='ltr'><strong>Grun.</strong></span> 
     </span>
    </p>
   </div>
   <div class='ocr_carea' id='block_1_6' title="bbox 0 0 1442 4796">
    <p class='ocr_par' dir='ltr' id='par_1_7' title="bbox 0 0 1442 4796">
     <span class='ocr_line' id='line_1_36' title="bbox 0 0 1442 4796; baseline 0 0"><span class='ocrx_word' id='word_1_319' title='bbox 0 0 1442 4796; x_wconf 95' lang='lat' dir='ltr'><strong> </strong></span> 
     </span>
    </p>
   </div>
  </div>
 </body>
</html>
