2874 4796
292 347 356 432 4⁵6
583 345 658 412 ¹ra.
683 301 827 411 annm
849 341 1026 412 source

196 539 203 548 .
290 475 401 569 opifex
411 495 523 544 rerum
537 475 724 566 imperitus¹
739 470 784 540 ad
796 471 905 563 legem
919 471 1079 540 innocens
1091 487 1152 539 eet.
1168 467 1222 540 An
1234 472 1344 541 hocei

292 591 401 658 lacere
418 589 565 658 licuerit.
586 591 658 659 Hoc
671 588 707 656 in
720 586 778 654 illu
790 583 966 656 dividitur.
982 587 1036 656 An
1048 585 1231 679 Olynthius
1245 586 1346 656 luerit

291 707 383 800 apud
413 705 673 790 Atheniensem,
705 704 804 772 etism
834 718 1013 794 antequam
1041 702 1138 772 lieret
1159 702 1343 773 decretum.

292 823 436 903 Seruus,
465 820 592 912 inquit,
611 834 664 887 est
678 842 772 886 meus
790 841 890 910 quem
904 840 967 910 ego
981 818 1048 885 emi
1060 815 1140 886 belli
1152 821 1270 910 jure²3
1286 843 1345 900 ro-
1421 869 1423 916 ,

291 934 364 1017 his,
390 933 631 1016 Athenienses,
653 933 788 1027 expedit
802 957 814 1000 s
827 931 978 1024 alioquin
999 933 1178 1026 imperium
1200 949 1344 1002 vestrum
1422 927 1423 940 ³

292 1051 329 1118 in
345 1037 501 1140 antiques
519 1048 604 1117 fines
621 1048 799 1142 redigitur,
818 1039 1008 1140 quidquid³
1024 1063 1075 1116 est
1092 1047 1182 1118 hello
1198 1067 1340 1144 partun.
1421 1099 1423 1138 ,

292 1163 336 1251 Et
357 1177 408 1230 est
433 1176 562 1230 contra.
589 1163 634 1230 At
658 1160 716 1229 ille
741 1183 855 1228 servus
873 1161 931 1229 olii
950 1162 1093 1253 emptori
1118 1184 1191 1229 esse
1215 1179 1342 1255 potest,
1421 1167 1423 1228 ἓ

291 1279 489 1348 Atheniensi
518 1301 596 1346 non.
625 1276 720 1370 Quid
738 1277 828 1344 enim
849 1276 876 1342 ei
896 1271 1136 1344 Atheniensem
1152 1301 1173 1345 a
1189 1279 1345 1372 Phiiippo

291 1395 452 1491 emisses?
471 1393 573 1484 Atqui
593 1391 722 1461 sciebas
738 1387 918 1482 Olynthios
941 1388 1038 1458 nobis
1059 1391 1256 1483 conjunctos
1277 1417 1346 1462 esse
1422 1379 1423 1434 l

194 1551 198 1561 ·
291 1509 428 1578 loedere.
444 1510 489 1578 Ut
504 1508 607 1588 scies,
630 1506 760 1598 inquit,
780 1528 895 1574 servos
908 1505 1025 1592 fuisse,
1043 1505 1217 1576 decretum
1234 1526 1344 1603 postes

181 1619 188 1630 ’
291 1624 414 1693 foetum
431 1638 481 1691 ost
496 1622 769 1702 Atheniensium,
790 1644 858 1712 quo
872 1620 1075 1714 juberentur
1087 1639 1123 1690 et
1137 1623 1240 1692 liheri
1254 1641 1290 1693 et
1301 1628 1346 1693 ci·
1422 1681 1423 1684 ,

288 1763 347 1810 ves
363 1761 454 1827 esse3
474 1759 579 1829 quare
596 1737 659 1804 hoo
676 1735 753 1802 illis
758 1735 827 1827 jus,
845 1738 874 1804 si
888 1737 961 1828 jam
975 1735 1161 1820 habebant,
1183 1737 1346 1809 dabatur?

288 1852 436 1935 Deinde,
454 1875 498 1921 an
513 1851 733 1921 decreto-hoc
745 1875 814 1920 non
831 1852 1055 1938 contineatur,
1074 1852 1174 1921 liberi
1193 1869 1233 1922 ut
1245 1855 1343 1942 liant,

257 2048 262 2059 ,
289 1967 349 2034 sed
366 1983 404 2036 ut
420 1990 491 2036 esse
509 1966 608 2036 liberi
621 1967 831 2061 judicentur.
849 1969 923 2036 Hoc
940 1969 1144 2053 censuimus,
1164 1969 1344 2064 Olynthios
1383 1961 1389 1968 ’

288 2085 379 2152 cives
395 2098 527 2153 nostros
548 2107 641 2172 esse3
660 2085 708 2152 ita
723 2099 758 2152 et
773 2083 832 2150 ille
849 2085 933 2152 civis
955 2098 1070 2153 noster
1088 2086 1162 2153 luit.
1189 2089 1268 2156 Non
1290 2089 1344 2157 in-

288 2200 363 2293 quit
378 2229 388 2289 3
403 2221 481 2268 nam
494 2197 665 2268 decretum
681 2201 718 2266 in
731 2199 880 2268 futurum
891 2199 1018 2288 ⁴fuctum
1032 2216 1101 2288 est,
1117 2227 1186 2272 non
1203 2203 1240 2270 in
1256 2227 1344 2297 prte-

288 2316 436 2383 teritum.
456 2315 516 2384 Vis
531 2305 596 2382 hoo
612 2315 722 2382 scire?
736 2315 813 2383 Non
830 2315 984 2408 quisquis
997 2317 1196 2411 Olynthium
1210 2341 1340 2388 servum
1422 2365 1423 2372 κ

288 2429 420 2512 hahuit,
431 2431 655 2517 accusabitur,
670 2427 761 2520 quod
773 2429 879 2499 civem
892 2429 927 2498 in
941 2455 1001 2500 sua
1010 2433 1169 2502 servitute
1181 2437 1337 2504 tenuerit.

286 2547 322 2616 Si
347 2546 424 2639 quis
447 2562 528 2615 tunc
547 2546 636 2632 inter
655 2547 842 2613 necessaria
866 2547 1036 2615 servilium
1062 2535 1253 2619 officiorum
1280 2555 1339 2620 mi-

289 2662 427 2731 nisteris
443 2652 642 2754 percussit⁴‚
661 2674 720 2727 aut
735 2659 876 2748 cecidit,
893 2661 1091 2754 injuriarum
1109 2667 1338 2738 accusabitur?

285 2839 372 2894 stelit.
399 2838 486 2890 Cicero
505 2837 532 2889 in
550 2835 670 2902 Lucullo,
690 2839 735 2904 qni
755 2849 790 2890 est
837 2840 945 2906 videtur,
955 2842 1118 2912 eausa,qnod
1128 2862 1212 2897 rernm
1220 2845 1335 2918 imperiti,

286 2913 491 2970 ,Academiearurn
504 2913 549 2964 lib.
560 2914 597 2965 lv
605 2927 612 2962 τ
621 2933 634 2960 a
644 2913 713 2981 Quid
723 2915 789 2987 apud
838 2928 861 2970 et
869 2935 920 2970 sue·
928 2930 1024 2970 tantum
1034 2919 1093 2973 artis
1103 2921 1176 2993 gnari
1187 2919 1338 2977 haberentur.

284 2989 431 3061 Euripidem
437 2990 556 3042 Hercules
564 3029 570 3055 ,
578 3009 658 3060 quum
668 2993 790 3065 ntEury-
836 2996 924 3064 Adde,
937 3017 993 3068 ques
1004 2997 1064 3050 dixit
1076 2999 1156 3072 lliepo
1165 3003 1243 3058 Roas.
1254 3004 1283 3056 in
1293 3021 1337 3056 ea·-

284 3067 348 3120 sthei
356 3064 435 3133 lilios,
444 3068 479 3119 ita
491 3087 549 3119 euos
560 3065 700 3141 configebat
710 3070 789 3143 segit-
834 3073 898 3128 lore.
910 3073 1008 3129 Sedull.

284 3141 415 3214 titiqunm
423 3144 787 3218 uxoremiuterimeb'ethuam
867 3171 891 3204 a.
906 3151 991 3222 Quem
1001 3171 1047 3222 ego
1055 3154 1107 3205 emi
1114 3153 1250 3224 bellijure.
1259 3157 1335 3230 Perge

281 3219 418 3275 eonebatnr
431 3221 505 3273 etiem
518 3221 654 3293 petrensi»
665 3223 761 3278 Seleu.
832 3240 889 3300 post
903 3227 957 3282 hee
974 3249 1016 3294 ee,
1028 3247 1085 3300 que
1096 3244 1209 3286 ereum·
1221 3247 1294 3301 sunt,
1304 3235 1337 3288 ri·

317 3317 338 3350 ι.
351 3297 449 3368 Opiseae
460 3317 544 3350 renem
554 3302 696 3368 imperitus.
711 3301 786 3355 Vide·
833 3307 975 3361 militndine
988 3309 1240 3381 praecedentium&
1250 3313 1334 3367 iislu

232 3439 236 3447 Ι
279 3388 319 3429 tur
335 3394 365 3428 eo
380 3375 538 3448 adspectum,
556 3376 624 3446 qaod
640 3377 741 3450 opiliees
756 3401 785 3434 es
833 3383 1100 3439 restituenszldtuen'
1108 3388 1335 3451 sobindlltem'en·

251 3461 253 3466 '
279 3450 394 3504 lastitnto
406 3449 694 3508 Erechteiordoeirium
704 3469 783 3523 aaut,
832 3479 883 3524 ses,
896 3463 1012 3529 expedit.
1024 3459 1123 3515 Seleu.

231 3563 233 3571 ,
278 3540 307 3582 ut
317 3540 342 3580 et
351 3527 478 3600 agricole,
489 3541 514 3581 et
523 3541 642 3602 pastores,
653 3531 727 3599 item,
737 3553 784 3586 er·-
865 3539 889 3592 3.
904 3539 1043 3612 Quidquid
1053 3551 1092 3594 est
1101 3541 1291 3612 belloparhsm.
1300 3545 1335 3599 Et

278 3607 348 3659 mati.
367 3607 444 3678 Quod
466 3605 511 3660 ille
531 3607 562 3660 ab
585 3609 714 3684 Egyptiis
733 3612 784 3665 eois
832 3613 1335 3694 estcomm.Aeu1e.Erhlsvesnpi's

277 3695 426 3754 acceptam,¹
438 3681 550 3737 Athenas
570 3687 722 3740 transtulisse
737 3687 783 3740 vi-
831 3693 1041 3765 corruptissimum
1060 3695 1145 3748 locum
1162 3696 1199 3749 eie
1211 3701 1333 3752 emendo:

277 3765 359 3819 detur.
369 3764 437 3817 Vide
445 3763 554 3818 Diodor.
567 3765 682 3820 Siculum
699 3769 728 3833 l,
742 3771 781 3836 74.
834 3769 972 3841 Quidquid
978 3782 1017 3825 est
1023 3771 1334 3843 bellopammperdets'et

278 3843 328 3896 Ubi
343 3845 370 3896 id
389 3863 489 3914 quoque
507 3846 596 3913 refert,
615 3846 681 3917 apud
697 3847 781 3919 AEgy·
828 3858 916 3900 contra
924 3851 966 3902 ai!
975 3851 1053 3903 :111e.
1066 3849 1131 3918 Ques
1143 3853 1216 3923 quasi
1226 3853 1333 3908 formala

275 3921 336 3991 ptios
343 3922 515 3994 gravissimam
525 3922 658 3976 iucurrisse
668 3939 779 3996 poenem,
800 3967 802 3970 .
829 3936 880 3992 est,
890 3945 938 3996 qua
948 3928 975 3979 in
988 3925 1151 3981 divisionibus
1161 3931 1332 3985 ecnuedieea·

275 3997 296 4049 εἰ
308 3999 352 4067 qui
362 3997 464 4071 opiliees
480 3999 568 4072 llernp.
584 4017 707 4072 capessere
726 3999 779 4052 ausi
828 3999 890 4053 tium
901 4013 998 4072 penum
1009 4003 1126 4056 rationes.
1137 4004 1237 4058 &Arsit-

275 4087 365 4140 etsent,
374 4075 451 4148 idque
461 4095 490 4130 er
499 4095 528 4131 ea
538 4095 647 4150 quoque,
657 4088 778 4150 quantuor
859 4081 883 4146 4
897 4077 1036 4136 Percussit.
1051 4080 1118 4152 Quia
1132 4081 1158 4134 id
1167 4119 1177 4151 ,
1187 4083 1259 4156 quod
1270 4085 1331 4138 lecto
