2874 4768
321 451 386 540 59e
537 481 541 486 -
637 451 683 515 Μ.
710 449 850 516 suum
874 448 1049 534 suasere

323 609 1386 646 m

589 707 999 796 uscssusrlo
1037 710 1097 796 11.

422 919 682 968 FLAMININUS
714 919 755 964 ΙΝ
785 918 908 966 ΟΟΕΝΔ
939 919 1050 971 REUH
1083 921 1276 971 PUNIENS.

650 1065 805 1146 Maiestatis
819 1067 887 1126 laesae
901 1067 937 1124 sit
951 1059 1032 1126 actio.

315 1201 488 1260 Flamininus
496 1209 601 1278 proewr
610 1199 682 1256 inter
692 1175 799 1255 coeuam
811 1217 830 1254 a
841 1197 982 1255 meretrice
990 1207 1111 1273 tegritas,
1125 1217 1187 1278 pua
1195 1199 1293 1259 or'cdat
1300 1221 1376 1259 auu-

352 1323 434 1383 quam
448 1323 479 1361 se
496 1295 593 1359 ot'da'su
609 1297 747 1356 homiuem
765 1296 902 1356 decollari
910 1343 917 1364 ,
934 1319 1017 1356 uuum
1040 1319 1077 1357 cc
1097 1297 1241 1358 damucffis
1259 1301 1370 1360 occHr't.

250 1465 254 1473 .
353 1399 509 1458 Accusatur
523 1397 599 1453 tusa
615 1391 781 1472 mestuus.
935 1385 938 1392 ’

650 1507 830 1607 (ειόοηιωι.
845 1557 876 1600 2,
891 1539 933 1588 tu.
947 1541 1028 1607 vm.)

361 1677 660 1751 DECLAMATIO.
680 1675 812 1766 Ohjicio
829 1673 1007 1760 luxuriam,
1024 1674 1248 1760 histrioniam,
1258 1678 1366 1769 jocos.

312 1799 364 1864 Au
378 1798 413 1862 iu
436 1793 588 1860 convivio
609 1789 695 1856 nihit
717 1786 810 1876 aliud
820 1776 834 1870 ,⁵
852 1790 918 1855 nisi
941 1788 1121 1856 occiditis?
1137 1793 1203 1858 Uni
1227 1791 1368 1861 fortasse

313 1912 425 1981 osculo
449 1905 584 1974 donavit
604 1902 838 1970 homicidium.
860 1904 1033 1971 Coenaturi
1050 1907 1225 1973 carnifices
1248 1931 1368 1976 mauras

313 2025 465 2092 abluunt.
485 2023 559 2087 Non
579 2018 714 2109 inquiro
734 2017 770 2082 in
787 2033 894 2084 totum
911 2041 1034 2086 aunum
1057 2045 1064 2084 :
1083 2043 1150 2087 una
1168 2037 1264 2087 nocte
1281 2045 1368 2088 con-

311 2156 421 2208 tentus
434 2160 519 2204 sum.
532 2134 679 2200 Facilius
692 2147 742 2198 est
749 2181 760 2216 ,
776 2148 831 2218 ut,
848 2134 905 2224 qui
921 2133 1024 2199 multa
1037 2135 1203 2202 meretrici
1214 2135 1362 2219 dederit,

310 2249 526 2324 homicidium
555 2264 671 2339 neget3
702 2271 801 2340 quam
830 2245 868 2314 u't
896 2249 954 2340 qui
977 2248 1194 2318 homicidium
1209 2248 1364 2337 dederit,

310 2363 493 2464 quidquam
514 2366 658 2457 negarit.
678 2365 817 2432 &mum
840 2363 868 2430 si
890 2361 1070 2431 verberare
1093 2364 1271 2450 voluisses,
1305 2391 1364 2436 ex·

311 2504 363 2555 trs
380 2482 569 2553 convivium
592 2476 797 2546 abduxisset.
823 2478 1015 2544 Contactam
1033 2480 1195 2569 sanguine
1213 2479 1364 2551 humano

310 2599 478 2680 mensam,
500 2595 631 2662 strictas
656 2594 691 2658 in
716 2591 863 2660 triclinio
892 2614 1045 2676 secures,
1065 2595 1140 2683 quis
1160 2595 1273 2664 credet
1297 2598 1365 2666 ista

309 2714 504 2807 concupisse
534 2707 763 2788 meretricem,
793 2706 848 2773 vel
873 2707 1004 2807 secisse,
1019 2713 1224 2800 pretorem?
1249 2713 1365 2804 Virga

308 2837 520 2920 promuntur,
539 2837 573 2888 et
588 2835 665 2886 unte
679 2841 826 2887 mensam
840 2817 988 2912 deosque
1002 2821 1209 2891 crudelitatis
1219 2825 1363 2900 ¹victima

278 2939 282 2944 ’
310 2938 509 3007 trucidatur.
524 2938 580 3002 Me
595 2937 768 3014 miserum,
785 2935 926 3004 Romani
941 2937 1075 3030 imperii
1094 2953 1221 3008 terrore
1234 2939 1360 3008 lusisti.

309 3055 392 3146 Legi
410 3053 532 3146 potius,
556 3073 654 3142 quam
676 3064 784 3117 scorto
803 3050 911 3118 cadat.
934 3053 1125 3146 Exsurgite,
1146 3056 1262 3140 Bruti,
1283 3057 1363 3125 Ho-

309 3169 386 3236 ratii
395 3215 406 3250 ,
421 3165 536 3247 Decii,
555 3179 589 3231 et
605 3179 725 3232 caetera
739 3165 873 3257 imperii
889 3165 1029 3233 decora!
1050 3168 1177 3236 Vestris
1194 3170 1358 3256 fascibus,

193 3349 200 3358 .
258 3349 266 3356 .
309 3280 480 3352 securibus
503 3281 623 3349 vestris
641 3281 712 3372 jam
737 3280 856 3373 puellas
876 3281 1035 3373 jocsptur
1057 3283 1231 3354 obseoenae.
1258 3290 1298 3356 Iu
1317 3312 1360 3356 eo

307 3399 399 3493 quod
416 3398 478 3466 sub
495 3413 656 3491 pretextu
677 3396 822 3489 publicae
846 3400 1024 3490 majestatis
1044 3401 1170 3494 agitur,
1190 3403 1360 3496 quidquid

307 3529 484 3609 peccatur,
512 3513 689 3604 majestatis
714 3513 844 3578 actione
867 3512 1104 3583 vindicandum
1127 3531 1188 3584 est.
1210 3519 1360 3589 Percus-

307 3651 405 3697 surus
427 3627 525 3694 lictor
548 3624 593 3692 ad
613 3639 790 3716 pretorem
811 3627 969 3718 respicit,
997 3644 1117 3720 praetor
1135 3630 1180 3697 ad
1197 3635 1359 3700 meretri-

306 3767 391 3814 cem.

353 3891 465 3962 PARS
484 3889 675 3958 ALTERA.
701 3891 737 3957 Si
758 3885 886 3983 legatus
906 3891 986 3960 falsa
1004 3890 1159 3960 mandata
1171 3893 1295 3978 affert,
1308 3899 1356 3968 sie

305 4008 500 4090 audiuntur,
520 4021 677 4095 tanqsmm
694 4004 752 4071 ills
768 4005 912 4098 populus
929 4008 1097 4074 Romanus
1117 4005 1264 4078 dederit.
1287 4011 1355 4078 Im-

304 4117 439 4216 perator
453 4121 558 4192 soedus
570 4121 754 4212 percussit,
770 4121 904 4190 videtur
916 4121 1060 4216 populus
1071 4124 1278 4214 percussisse
1289 4127 1357 4194 Ro-
