2866 4814
19 4153 21 4186 l

19 4187 21 4208 t·

255 458 694 528 CONTROVERSIARUM
717 463 798 529 ΠΒ.
824 464 858 545 1,
888 487 919 528 a.
1083 465 1146 554 95'

74 603 130 669 est,
145 586 201 677 qni
214 585 361 655 fortunas
374 601 441 654 tuae
452 585 555 653 vellet
569 581 713 682 illudere
727 591 735 622 ¹
750 590 870 681 PErgo
886 604 923 655 tu
939 611 1045 679 quum
1057 605 1127 660 tarn

19 741 20 748 κ
72 703 215 771 innocens
230 725 336 794 quam
356 699 461 782 diois,
479 701 541 768 ista
559 723 654 793 passa
675 726 712 770 es
723 749 734 787 ,
759 701 871 772 eredis
895 702 1000 772 deos’
1021 709 1129 776 esso?

19 827 21 908 ἑ
70 819 167 900 Nihil,
185 819 304 911 inquit
314 867 325 902 ‚
344 840 443 910 passa
460 839 556 915 ὅμως
576 815 644 883 hoe
661 818 741 884 satis
755 833 806 885 est
820 835 992 912 nupturae,
1014 844 1127 890 saeer-
1244 809 1249 826 ’

19 927 20 988 ἶ
69 929 127 1001 doti
138 957 267 1026 parum.
279 931 349 1002 Ubi
359 930 472 999 adhue
481 931 573 998 fuisti
586 932 601 998 Ρ
615 930 765 1014 discede,
782 933 944 1025 ignotaea
958 960 966 1002 ι
982 934 1120 1021 deinde,

19 1045 21 1120 J
69 1047 190 1115 nimium
208 1065 289 1116 nota
307 1071 357 1115 es.

19 1171 20 1180 ’
104 1167 139 1231 Ρ.
153 1165 368 1233 bunnuaria.
387 1163 612 1244 Contradico,
633 1188 703 1232 nou
720 1167 907 1234 inimicitiis
923 1170 1120 1264 cujusquam

19 1365 20 1368 Ἴ
68 1279 222 1370 impulsus.
244 1277 357 1372 Quod
369 1280 461 1346 enim
474 1277 612 1360 odium,
629 1301 705 1370 quta
723 1278 908 1348 inimicitias
923 1284 1121 1375 cujusquam

19 1399 20 1480 ζ
66 1415 125 1460 etse
134 1377 271 1486 possunt
278 1445 291 1480 ‚
306 1419 408 1487 quam
419 1417 518 1461 nemo
530 1394 657 1461 civium
671 1417 808 1463 snorum
823 1411 923 1462 norat
936 1412 1120 1488 antequam

19 1515 20 1562 ἶ
67 1509 214 1598 prostitit?
227 1513 349 1579 Movet
362 1533 416 1578 me
429 1526 602 1602 respectus
615 1510 764 1577 omnium
776 1511 970 1602 virginum,
988 1510 1032 1581 de
1045 1516 1120 1606 qui·

67 1621 116 1692 bus
126 1625 222 1695 bodie
241 1627 360 1720 gravis
373 1625 482 1693 fertur
494 1625 677 1705 sententia,
697 1625 726 1691 si
743 1625 931 1694 incivitate
947 1627 1042 1694 nulla
1058 1630 1119 1696 in-

19 1753 20 1772 *
67 1741 155 1807 veniri
170 1759 299 1834 potest,
323 1764 435 1834 neque
453 1740 633 1808 meretrice
651 1739 785 1822 castior,
816 1764 927 1834 neque
947 1743 1117 1814 homicida

19 1877 20 1944 ᾗ
67 1857 173 1945 purior.
194 1859 322 1927 Piratae
336 1873 369 1924 te
386 1855 580 1924 inviolatum
595 1859 842 1925 servaverunt?
859 1881 879 1924 a
893 1857 1068 1930 sacerdote
1081 1886 1116 1930 se

19 2031 20 2036 ,
67 1991 121 2036 uon
134 1972 349 2042 abstinuisset
365 1973 496 2066 pirata,
513 1971 615 2052 leno,
632 1991 769 2072 mango.
783 1973 836 2040 De
853 1973 1038 2042 sacerdotis
1051 2000 1116 2067 pu-

65 2083 160 2156 dicitia
175 2090 229 2158 bis
247 2087 472 2184 sponsoribus
485 2084 693 2156 credendum
706 2087 779 2154 est?
793 2089 933 2157 iacuisti
947 2091 982 2156 in
995 2093 1113 2183 piratae

19 2197 21 2290 ᾗ
66 2219 243 2294 myoparone
255 2200 285 2292 ³3
318 2217 522 2272 contrectata
540 2227 575 2271 es
595 2202 738 2293 alicujus
754 2227 877 2285 mann,
902 2205 1045 2298 alicujus
1062 2229 1115 2274 os·

66 2317 144 2404 culo,
159 2322 302 2416 alicujus
315 2322 484 2414 amplexu.
499 2324 553 2389 An
573 2320 693 2388 melius
706 2321 816 2413 pirata
828 2324 994 2407 servavit,
1011 2348 1119 2416 quam·

67 2435 160 2520 pater?
172 2427 380 2505 Conuersata
391 2459 427 2504 es
442 2435 570 2503 <lintius
587 2436 678 2503 inter
690 2435 839 2505 humano
853 2439 1018 2531 sanguine
1029 2438 1114 2508 deli·

19 2533 21 2538 ’
64 2542 143 2614 batos
157 2576 165 2618 ι
180 2551 259 2620 inde
278 2566 335 2618 est
353 2549 504 2642 profecto
524 2548 618 2641 quod
633 2565 729 2641 potes
748 2550 918 2618 bominem
938 2551 1107 2622 occidero.

67 2662 209 2736 Proclama
224 2671 413 2762 ingenuam
437 2691 509 2736 esse
532 2681 589 2753 te3
617 2667 702 2758 quid
727 2669 926 2761 exspectasl·
951 2691 1055 2759 quum
1073 2671 1110 2737 in
1146 2688 1147 2692 ’

19 2813 21 2852 ;
67 2776 181 2872 lupanar
195 2785 353 2866 veneris,
379 2785 450 2876 jam
480 2783 543 2851 tibi
560 2785 673 2852 omnia
691 2784 816 2877 templa
834 2781 999 2877 praeolusa
1017 2801 1109 2853 sunt.

68 2895 288 2972 Conseruarum
312 2900 437 2970 osculis
454 2901 667 2992 inquinatur,
686 2901 970 2969 inter'ebriorum
993 2903 1127 2970 convi-·

19 3015 21 3076 l
67 3034 159 3084 nram
166 3019 259 3112 jocos
271 3021 438 3113 jactatur,
454 3017 554 3087 modo
568 3019 606 3084 in
618 3017 805 3110 puerilem,
824 3019 925 3086 modo
940 3020 976 3088 ia
990 3020 1110 3088 mulie-

66 3123 140 3198 brem
155 3132 309 3204 habitum
320 3135 504 3227 compositu
517 3128 545 3199 ⁴.
566 3133 671 3202 Istinc
688 3157 731 3202 ne
748 3137 836 3227 patri
861 3130 997 3226 quideni
1014 3135 1109 3205 redi-

19 3369 21 3386 ÷
93 3366 109 3398 1.
118 3350 236 3419 illudere,
246 3374 312 3429 pro,
327 3371 370 3426 per
380 3351 471 3404 ludum
481 3348 553 3419 qusai
601 3349 632 3402 de
647 3349 746 3422 Repub.
758 3351 797 3403 lll
811 3363 835 3403 st
847 3354 990 3422 frequenter
1004 3353 1032 3406 iu
1041 3355 1107 3408 Vor-

69 3424 161 3492 ujoeum
171 3451 276 3495 nocere,
291 3427 382 3483 laedsre
392 3447 399 3490 ;
411 3427 501 3480 vitium
509 3426 552 3478 al'-
600 3448 668 3494 rem,
682 3427 802 3494 Sallustio
815 3449 917 3500 quoque
927 3429 1023 3483 Hister.
1035 3431 1072 3484 lll
1085 3442 1110 3485 et

68 3499 117 3553 lem
126 3505 225 3562 deuolat.
235 3507 376 3579 Quomodo
385 3507 413 3559 in
426 3505 472 3558 illo
485 3505 551 3558 vir·
600 3507 709 3560 Sisenna
718 3506 755 3557 lib
765 3508 789 3574 ⁴.
802 3506 897 3562 Seboll.

69 3577 144 3647 ssllltao
154 3601 160 3636 :
171 3608 183 3633 ι
194 3587 260 3640 Tum
271 3586 351 3640 varia
362 3583 474 3638 illudunt
490 3602 551 3656 pes-
631 3586 655 3651 4.
664 3583 748 3636 Modo
755 3587 783 3636 in
788 3587 922 3652 puerilem,
931 3589 1008 3639 modo
1016 3589 1045 3638 in
1050 3605 1108 3640 mu-

69 3665 119 3708 lo.»
128 3660 220 3718 Schuu,
598 3663 657 3716 lieb.
671 3662 731 3714 hab.
745 3665 1025 3727 compositaflobitum
1038 3666 1107 3719 enim

93 3753 110 3785 2
121 3738 198 3796 Credis
208 3747 277 3801 deos.
291 3745 333 3796 Do
343 3763 393 3814 quo
405 3761 484 3813 quum
497 3740 550 3792 veri
599 3752 696 3794 mutare
707 3739 807 3804 solitas,
817 3753 845 3793 ot
854 3743 1008 3796 amatoribus
1017 3743 1110 3816 gratio·

70 3810 186 3888 sitsinile,
197 3836 219 3878 to
230 3827 282 3897 jam
294 3824 410 3878 dubitare
422 3862 429 3890 ,
441 3821 550 3892 indigne
598 3839 638 3872 res
651 3830 748 3880 omont,
759 3837 788 3869 ex
797 3817 925 3872 Clemente
938 3819 1109 3874 Alexandrino

71 3903 224 3957 “auroris
237 3905 307 3959 Ado.
326 3907 448 3959 controv.
466 3901 504 3954 lll
522 3900 549 3952 ia
598 3897 643 3949 lib.
655 3897 694 3948 lll
707 3895 840 3970 padagog.
853 3909 877 3948 el
889 3897 1009 3950 Salviano
1019 3898 1108 3949 lllsssi·

72 3966 149 4042 inqu
158 3979 215 4035 lixit
229 3983 328 4036 Cestius
340 3981 408 4034 Pius.
419 3979 517 4032 Schola.
598 3975 673 4029 lisnsi
681 3973 834 4048 presbytero,
845 3974 875 4026 tle
884 3973 1056 4045 gubernllei,
1065 3972 1110 4025 lib.

94 4046 113 4097 3·
123 4053 153 4106 lu
164 4062 253 4124 pirula
264 4077 432 4132 myoparone.
447 4055 549 4108 Pinu-
598 4055 673 4116 vill,
686 4064 711 4104 et
723 4051 834 4105 Martiali
845 4051 931 4103 docuit
940 4051 994 4104 lac.
1005 4051 1109 4102 Duran-

72 4141 115 4177 Μ
134 4133 195 4188 euim
220 4138 348 4212 proprium
380 4135 430 4188 boe
453 4131 550 4204 navigii
599 4133 647 4186 tius
662 4134 806 4194 Arvernus,
819 4149 876 4200 quc
889 4147 960 4182 meus
972 4128 1107 4182 exscribere

19 4211 21 4270 l
73 4219 146 4272 penu,
155 4225 247 4268 auctore
259 4215 362 4283 Nonio,
376 4233 405 4266 oz
420 4211 551 4266 Ciceronis
599 4221 667 4262 vetat
679 4208 769 4282 pudor.
782 4207 879 4263 Scitote.

19 4317 21 4344 l

19 4357 21 4388 l

19 4441 21 4470 l
