2876 4804
1 139 2 184 l

192 293 255 362 DE
280 291 412 360 AUCT.
439 291 494 358 ΕΤ
518 289 716 360 DECLAM.
745 293 954 362 llnI'IONE.
1039 295 1083 364 35

1 399 2 448 l
40 413 126 478 filiius.
141 407 186 476 llt
201 428 352 476 mortuus
364 411 421 476 hie
436 425 546 475 noster
556 409 702 490 Tiberio,
718 410 769 474 vel
783 409 936 500 Caligula,
955 427 1011 478 aut
1030 415 1084 480 de·
1226 477 1229 486 ,

1 571 2 574 ¹
40 519 133 606 nique
150 515 286 581 Claudio
298 517 477 604 imperante
489 515 643 599 videatur,
660 515 760 581 modo
777 536 819 583 ne
836 519 869 582 in
885 515 1023 586 Neronis
1040 537 1086 612 ty-

1 688 2 696 ,
41 623 202 689 nunidem
213 621 361 688 incidisse
373 621 519 689 affirmes.

78 728 216 814 objiciet
227 743 344 792 contra
359 727 485 791 acutior
501 727 628 816 aliquis,
642 727 796 792 Senecam
812 730 916 816 ipsum
933 732 1016 795 inter
1031 731 1087 797 de·

1 821 2 846 ¹
39 830 222 894 clnnatores
232 831 281 896 M.
297 830 469 918 Lepidm,
484 833 589 894 virum
603 831 783 920 egregium,
797 831 935 898 Neronis
952 855 1093 924 praecep·⁴

39 947 137 996 torem
150 934 206 997 hic
216 929 383 996 laudasse·
395 953 405 995 t
416 929 621 1020 unumigitur
628 929 844 1019 eumdemque
854 930 968 1016 videri,
976 950 1008 998 et
1016 935 1088 1022 phi-

40 1037 224 1128 losophum,
249 1053 283 1102 et
310 1052 481 1102 oratorem.
504 1035 608 1120 *Quod
631 1037 710 1101 mihi
732 1037 862 1126 quidem
886 1040 920 1103 in
947 1055 1088 1104 mentem

40 1146 135 1226 vnit,
160 1145 308 1209 breviter
325 1145 363 1207 in
379 1141 521 1208 medium
537 1141 669 1207 afferam
679 1163 696 1207 s·
708 1165 768 1206 suo
784 1143 837 1208 ille
856 1167 890 1208 se
918 1144 1022 1234 gladio
1037 1151 1089 1231 ju·

40 1249 129 1339 galat.
152 1249 188 1315 Si
213 1252 303 1314 enim
325 1249 465 1316 Neronis
486 1249 642 1337 Tyranni,
665 1250 812 1338 ejusqui
836 1250 869 1312 in
895 1251 1091 1316 Christianos

41 1357 141 1436 saeviit,
158 1372 397 1444 preceptorem
415 1355 579 1418 nominare
597 1355 631 1418 L
649 1353 770 1419 Seneca
788 1351 955 1436 voluisset,
973 1358 1092 1445 seipse

41 1464 251 1526 nominasset:
266 1461 325 1549 qui
337 1461 501 1549 pmeeptis
520 1461 725 1547 eloquentie,
748 1477 781 1524 et
795 1483 923 1524 morum
942 1463 1091 1550 gravitate

43 1569 167 1654 primam
181 1567 269 1656 Imp.
282 1581 405 1630 aetatem
414 1565 657 1630 insonnavitmt
669 1566 797 1628 Tacitus
811 1563 851 1628 ad
863 1566 930 1628 init.
944 1567 997 1630 lib.
1011 1568 1091 1631 XIII

41 1675 145 1740 Anusl.
154 1673 267 1738 tradit.
283 1673 395 1757 Quare
404 1672 455 1736 vel
466 1671 587 1735 Tiberii
600 1667 735 1735 cnudi
743 1671 893 1755 Neronis,
905 1672 960 1760 qui
972 1671 1092 1749 Liviam

43 1777 138 1858 duxit,
156 1780 210 1844 rel
223 1780 334 1868 potius
346 1777 415 1860 filii,
430 1778 485 1865 qui
503 1791 576 1864 post
586 1776 757 1864 imperium
768 1775 942 1865 adoptione
952 1778 1090 1866 Augusti

43 1899 326 1970 estcomequutus,
336 1899 564 1970 preceptorem
575 1881 732 1969 Lepidum
740 1881 842 1948 videri
852 1883 1092 1972 aiotquodejus
1220 1897 1224 1904 '

44 2001 108 2047 ante
126 1982 318 2071 imperium,
340 1984 441 2070 gentis
461 1979 600 2046 Claudite
623 1983 791 2068 proprium
811 1981 950 2046 Neronis
972 2005 1090 2071 cogno-

42 2101 177 2150 mentum
193 2084 311 2165 fuerit,
329 2098 366 2146 ut
381 2081 502 2148 Aurelii
519 2083 656 2148 Victoris
669 2084 769 2146 nostri
787 2083 934 2171 Epitoma
949 2099 1089 2150 testatur.

43 2187 96 2250 cui
113 2187 163 2250 vel
183 2184 267 2250 illud
287 2199 478 2271 argumento
496 2198 559 2266 est,
581 2185 626 2250 ob
647 2183 853 2250 vinolentiam
870 2185 930 2273 (de
947 2209 1012 2272 qua
1028 2186 1089 2250 Pli-

44 2292 107 2356 nius
120 2307 268 2356 extremo
278 2289 334 2355 lib.
347 2289 526 2376 XIV)eum
537 2289 593 2377 qui
606 2289 747 2354 Tiberius
755 2289 1090 2374 ClrzudiusNemerat‚

44 2420 95 2486 per
101 2400 212 2484 jocum
237 2397 404 2464 Biben'um
426 2395 578 2472 Coldium
586 2397 919 2462 Memnemvooatum.
932 2398 1090 2464 Neronem

44 2521 140 2570 autem
151 2505 272 2570 Sabina
282 2502 392 2590 liugua
408 2501 542 2583 fortem,
557 2519 589 2566 et
605 2519 772 2566 strenuum
783 2502 957 2591 siguificare
977 2521 1090 2569 auctor

45 2627 86 2674 est
99 2609 305 2697 Tranquillus
315 2623 348 2672 et
356 2610 396 2674 A.
406 2605 525 2674 Gellius
535 2608 680 2694 ²Itaque
690 2630 730 2672 ex
741 2607 894 2688 Claudiis,
913 2631 995 2694 quos
1006 2632 1024 2672 a
1034 2609 1088 2674 Sa·

45 2708 117 2776 binis
134 2709 296 2776 oriundos
312 2710 507 2798 recepimus,
528 2709 664 2796 quierat
681 2709 806 2797 egregia
820 2723 915 2795 atque
930 2709 1089 2796 praestanti

46 2812 244 2893 latitudine,
263 2810 352 2876 Nem
366 2827 413 2875 est
430 2810 622 2899 appellatus:
640 2825 671 2876 et
685 2810 796 2876 Horat.
808 2811 862 2876 lib.
875 2811 921 2874 IV
936 2812 1039 2876 Carsu.
1049 2809 1090 2876 de

47 2911 131 2978 urse
144 2915 216 2980 liliis
231 2912 434 2992 Neronibus,
452 2909 493 2975 ad
509 2933 628 2975 nomen
644 2912 795 2998 uocisque
809 2926 939 2999 etymon
952 2912 1088 2978 allusisse

48 3014 166 3099 quidam
180 3028 394 3080 monuenrut.
407 3013 458 3078 Sic
471 3012 554 3076 enim
567 3011 639 3076 ille:

218 3207 298 3221 --
309 3177 385 3244 Quid
398 3177 510 3248 Augusti
523 3187 650 3250 paternus

288 3275 333 3345 ¹Iu
347 3291 445 3348 pueros
457 3275 562 3351 animus
571 3273 708 3330 Nerones:

219 3371 316 3426 Fortes
327 3369 595 3441 denominamus,
608 3382 635 3426 et
646 3371 725 3426 bouis
786 3373 789 3381 ⁴

219 3463 270 3522 nt
281 3463 420 3535 Jurmcis,
432 3474 472 3518 est
483 3465 512 3520 in
525 3466 602 3536 equis
616 3474 723 3535 patrum

260 3561 364 3616 Virtus.
512 3555 523 3568 “

4 3799 5 3802 ¹
52 3717 94 3782 llo
105 3721 211 3807 itaque
233 3717 338 3784 libens
356 3717 388 3781 in
404 3738 473 3783 eam
488 3739 564 3782 cum
579 3717 680 3784 doctis
691 3718 875 3784 hominibus
887 3725 1088 3806 sententiam,

88 3926 109 3961 ι.
129 3907 219 3966 coen.
234 3901 549 3975 simpiniacum.

87 4021 110 4058 a,
129 4005 206 4062 noes
221 4005 322 4070 attic,
337 4001 384 4058 lib.
399 4001 483 4070 xm,
494 4020 553 4076 esp.
574 4019 616 4060 10.
