2876 4804
349 477 389 522 ta
573 459 693 526 JUSTl
716 461 846 530 LlPSlI
870 459 1164 529 DlSSEllTllTlO

345 573 445 640 Addit
454 578 519 642 imo
534 580 667 668 amplius
682 581 734 645 ille
747 583 898 670 scriptor,
909 605 945 646 ea
957 597 1047 646 aetate
1061 602 1096 645 se
1107 581 1203 644 fuisse
1218 594 1254 644 ut
1269 579 1413 644 Cicero-

346 705 421 746 nem
435 683 539 770 ipsum
553 685 664 776 audire
676 690 819 780 potuerit
833 689 1071 753 declamantem.
1094 686 1202 752 Verba
1227 688 1296 773 ejus
1323 699 1414 748 sunt

346 787 531 876 prefatione
540 791 916 879 prima:«0mnesautem
923 793 1029 883 magni
1038 793 1176 857 nominis
1191 793 1270 856 mihi
1283 790 1413 855 videor·

350 923 362 948 ι
379 892 679 985 audivisse,praeter
688 898 887 980 Ciceronem.
900 898 970 964 Nec
978 900 1168 965 Ciceronem
1177 895 1310 986 quidem
1327 909 1414 960 aetas

269 1081 272 1092 ι
350 1027 364 1054 ι
379 999 459 1063 mihi
472 1001 647 1089 eripuerat,
669 1002 728 1068 sed
746 1003 906 1070 bellorum
927 1004 1066 1070 civilium
1086 1005 1195 1086 furor,
1215 1005 1273 1092 qui
1292 1015 1413 1067 totum

345 1133 365 1162 ,ι
378 1104 491 1170 orbem
506 1109 746 1196 pervagabatur.
769 1109 859 1176 Intra
881 1112 1040 1176 coloniam
1057 1131 1161 1173 meam
1176 1129 1229 1173 me
1243 1107 1412 1174 continui.

353 1239 366 1266 ιι
382 1210 511 1298 Alioqui
525 1215 699 1299 potuissem
709 1238 783 1280 eum
797 1215 920 1300 audisse
934 1217 967 1279 in
979 1216 1034 1279 illo
1048 1215 1180 1296 atriolo,
1191 1214 1224 1276 in
1237 1235 1303 1301 quo
1320 1211 1417 1276 duos

353 1347 367 1372 a
383 1318 517 1406 grandes
528 1336 728 1408 praetextatos
743 1325 786 1388 ait
799 1347 909 1389 secum
921 1323 1100 1387 declamare
1110 1321 1228 1386 solitos.
1238 1351 1251 1376 ν
1264 1319 1317 1386 Ne
1334 1319 1416 1406 quis

353 1425 447 1505 mihi,
471 1448 593 1512 quaeso,
627 1427 668 1492 ad
690 1429 781 1494 hunc
800 1430 910 1496 locum
931 1429 1064 1493 nebulas
1087 1443 1143 1492 aut
1162 1448 1271 1515 nugas.
1297 1425 1355 1489 Ait
1375 1445 1418 1488 se

354 1528 542 1595 Ciceronem
558 1533 668 1597 audire
682 1536 822 1622 potuisse
840 1535 1070 1600 declamantem
1083 1555 1159 1598 cum
1173 1531 1302 1596 duobus
1318 1551 1418 1618 gran-

356 1632 449 1698 dibus
461 1639 661 1724 praetextatis.
672 1640 699 1702 li
717 1639 849 1703 luerunt
864 1639 985 1704 Hirtius
999 1655 1030 1703 et
1041 1638 1221 1704 Dolabella:
1232 1660 1315 1725 quos
1331 1635 1415 1699 ideo

357 1737 471 1804 ludens
491 1742 535 1805 sic
558 1743 708 1832 appellat,
725 1746 800 1832 quia
814 1760 893 1810 tunc
904 1746 937 1809 in
953 1761 1105 1835 praetexta
1118 1759 1193 1832 toga
1208 1759 1313 1822 erant,
1328 1756 1361 1806 et
1377 1742 1414 1805 in

357 1845 550 1933 magistratu.
567 1849 631 1913 Eos
647 1873 706 1937 per
719 1850 840 1916 bellum
855 1850 946 1916 civile
962 1852 1105 1932 Caesaris,
1125 1851 1238 1916 Cicero
1264 1849 1319 1936 (ut
1341 1849 1416 1936 ipse

358 1952 431 2016 alibi
442 1954 502 2042 ait)
515 1954 640 2021 dicendi
652 1958 822 2047 discipulos
834 1960 962 2041 habuit,
975 1958 1121 2024 coenandi
1135 1958 1308 2046 magistros.
1328 1955 1418 2020 Vide

360 2080 427 2147 quo
439 2077 563 2126 aetatem
574 2086 663 2129 suam
675 2066 833 2154 producat
845 2067 898 2130 ille
913 2067 1049 2154 scriptor
1058 2066 1178 2133 ¹.Ante
1188 2063 1315 2126 Cassiis
1328 2083 1419 2125 mor-

361 2178 427 2229 tem
440 2189 506 2231 non
520 2169 625 2234 solum
640 2188 734 2236 natus
745 2171 841 2237 fuisse
858 2171 986 2253 debuit,
998 2170 1053 2236 sed
1065 2171 1157 2234 etiam
1169 2190 1270 2232 annos
1288 2167 1416 2256 aliquot

362 2270 510 2337 habuisse
520 2274 676 2364 legitimos
685 2276 726 2341 ad
736 2277 934 2342 audiendum
945 2278 1144 2342 Ciceronem.
1157 2273 1333 2358 Quomodo
1344 2273 1418 2337 haec

365 2378 433 2460 tevi,
441 2395 478 2443 ut
491 2382 535 2446 sic
551 2380 662 2466 dicam,
670 2384 828 2474 granditas
841 2383 933 2449 cadet
942 2384 975 2448 in
987 2384 1077 2448 hunc
1090 2396 1237 2446 nostrum
1251 2380 1417 2459 Senecam,

366 2487 421 2574 qui
446 2503 593 2552 mortuus
612 2490 688 2553 Silio
714 2505 746 2556 et
765 2492 872 2556 Attico
889 2489 1099 2570 Consulibus,
1113 2502 1260 2552 extremo
1279 2485 1421 2572 imperio

366 2591 523 2677 Neronis;
544 2594 576 2693 id
602 2613 665 2678 est,
686 2619 746 2662 cxv
769 2598 857 2668 annis
881 2613 955 2685 post
973 2596 1062 2659 illum
1091 2591 1218 2657 oevum?
1237 2589 1303 2658 Sed
1329 2591 1419 2654 enirn

359 2703 544 2766 'occurrunt
555 2703 632 2767 huic
647 2704 710 2784 rei;
726 2719 757 2766 et
767 2704 861 2784 vixit,
877 2703 1045 2791 inquiunt,
1060 2700 1182 2766 Seneca
1200 2721 1301 2764 annos
1324 2709 1419 2778 extr}

368 2805 419 2869 alii
443 2808 538 2870 etiam
561 2806 736 2887 liberalius,
761 2829 872 2886 cxxxv3
894 2809 936 2872 ita
961 2809 1046 2871 enim
1070 2808 1213 2871 scribunt
1245 2804 1358 2894 passim
1381 2804 1417 2866 in

369 2911 501 2976 historia
522 2915 589 2996 ejus
609 2913 691 2976 vitae.
706 2913 860 2978 Homines
875 2915 1134 3003 praestigiatores!
1151 2928 1185 2977 et
1198 2935 1264 3000 prae
1277 2931 1419 2998 quorum

370 3033 439 3080 arte
452 3017 485 3080 in
510 3013 871 3106 recoquendis'senibus
893 3019 972 3083 nihil
990 3020 1030 3082 sit
1048 3017 1173 3086 Medea.
1190 3016 1254 3082 Sed
1265 3013 1341 3103 quid
1359 3039 1420 3079 nu-

371 3123 507 3212 gantur?
518 3119 612 3188 Cedo
624 3123 701 3191 mihi
714 3131 879 3189 auctorem
894 3125 1032 3212 aliquem
1043 3127 1140 3212 hujus
1150 3139 1213 3188 tam
1229 3121 1420 3210 prodigiosae

371 3231 552 3295 senectutis.
584 3230 661 3296 Non
683 3231 815 3296 dabunt.
831 3233 975 3314 Tacitus,
1002 3231 1059 3320 qui
1082 3228 1191 3296 fautor
1217 3230 1358 3310 Senecae,
1386 3245 1422 3292 et

372 3335 447 3400 ideo
463 3335 595 3425 diligens
616 3338 649 3400 in
671 3339 735 3402 vita
765 3343 833 3422 ejus
861 3336 1017 3402 narranda
1036 3353 1068 3401 et
1081 3353 1200 3416 morte,
1224 3335 1322 3400 senile
1343 3336 1420 3420 ‚ejus

373 3463 492 3532 corpus
519 3441 632 3508 dixisse
668 3457 839 3508 contentus
876 3442 938 3506 fuit
957 3465 965 3506 :
988 3442 1142 3532 grandem
1174 3442 1273 3522 hanc,
1294 3454 1324 3502 et
1351 3461 1419 3503 non

374 3546 469 3635 longe
481 3571 499 3610 a
510 3544 664 3612 miraculo
676 3564 813 3629 aetatem,
821 3571 887 3613 non
899 3549 1031 3638 attingit
1044 3549 1237 3612 lmocontra
1249 3543 1333 3633 apud
1344 3565 1430 3610 eum,

375 3654 518 3741 reperio,
540 3653 624 3718 libro
634 3678 693 3736 ng,
705 3656 739 3718 in
751 3656 896 3719 oratione
904 3654 1044 3720 Neronis
1056 3652 1211 3718 Senecam
1219 3651 1420 3739 alloquentis:

377 3790 389 3814 ι
405 3759 462 3824 Est
478 3759 554 3842 tibi,
566 3761 685 3848 inquit,
708 3759 816 3826 adhue
837 3760 940 3825 valida
965 3775 1053 3840 aetas,
1078 3759 1242 3847 rebusque
1255 3773 1288 3821 et
1304 3757 1420 3822 fructui

378 3897 390 3920 ·
406 3887 516 3930 rerum
542 3865 711 3932 sufficiens.
728 3897 741 3924 n
754 3865 880 3946 Valida,
905 3867 948 3932 ait
969 3881 1042 3930 tetes
1057 3881 1111 3931 :et
1134 3865 1199 3936 hoc
1221 3863 1327 3952 paucis
1347 3877 1419 3928 ante

377 3970 496 4037 mem
509 3976 575 4059 ejus
586 3974 684 4038 annu.
695 3974 761 4058 Qui
773 3975 923 4039 convenit
934 3973 998 4037 boc
1007 3971 1040 4035 in
1048 3972 1175 4036 senium
1186 3987 1250 4034 tam
1261 3967 1420 4034 effoetum?

379 4077 444 4143 Sed
472 4079 591 4144 ventilo
612 4101 692 4169 ego,
719 4096 750 4144 et
770 4097 872 4144 tracto
894 4077 1001 4144 adhuc
1020 4077 1138 4142 lusoria
1167 4097 1255 4141 arma
1272 4095 1282 4140 t
1299 4074 1374 4162 quid
1396 4079 1420 4146 si

296 4189 299 4208 '
383 4183 486 4249 doceo
494 4184 648 4251 Senecam
659 4201 769 4250 natum
779 4205 846 4251 non
854 4184 951 4250 luisse
963 4183 1117 4249 Cicerone
1125 4179 1341 4248 vivolNonne
1350 4203 1417 4272 per·
