2874 4796
268 445 700 518 CONTROVERSIARUM
722 447 803 513 LIB.
825 448 871 532 V,
897 449 950 532 34.
1073 449 1134 539 457

63 576 169 668 atqui
183 581 347 666 quantum
360 572 467 666 adjus
478 573 600 641 attinet
608 609 622 658 ,·
633 571 722 672 nilnil
734 572 892 660 interest,
904 549 1079 655 occiderit,
1093 596 1138 642 un

64 685 265 771 ceciderit3
283 709 361 755 nem
376 701 436 754 aut
452 707 516 753 nec
532 683 662 753 eredere
676 681 792 766 licuit,
813 700 871 754 aut
890 709 953 754 nec
969 684 1135 756 occidere.

69 803 72 808 ’
118 801 292 873 COLOR.
317 801 348 870 A
368 816 464 895 purte
484 799 656 869 Parrhasii
677 801 757 869 fecit
772 799 865 869 hunc
882 801 1047 883 colorem,
1064 827 1141 872 em-

64 933 171 1012 ptum
183 939 257 987 esse
270 940 292 985 a
302 916 481 986 Parrhasio
491 937 624 998 senem,
642 915 814 1002 inutilem,
828 918 1085 1010 exspiraturum.
1102 913 1139 984 st

64 1055 196 1101 verum
209 1031 328 1114 uultis,
345 1033 457 1124 inquit
466 1079 476 1114 ,
492 1053 561 1098 non
571 1030 695 1099 occidit
705 1031 819 1117 illum,
834 1031 894 1101 sed
906 1029 1095 1102 deficientis
1107 1047 1142 1100 et

62 1149 231 1240 alioquin
242 1147 440 1240 exspiraturi
449 1161 555 1214 morte
564 1170 644 1214 usus
657 1161 719 1214 est.
728 1146 854 1231 Torsit,
868 1148 992 1241 inquit,
1007 1165 1137 1217 tamen:
1248 1203 1253 1213 .

63 1265 97 1330 si
119 1263 213 1330 lucri
231 1285 349 1344 eausa,
367 1261 490 1352 objice,
505 1264 634 1354 Nempe
650 1255 858 1330 crudelitatis
872 1265 1019 1355 pretium
1034 1262 1142 1332 Atha-

63 1403 123 1448 nae
138 1377 282 1446 habent.
292 1378 335 1445 In
349 1378 556 1468 argumentis
572 1376 675 1459 dixit,
692 1393 855 1468 quantum
867 1401 1000 1471 semper
1011 1379 1142 1447 artibus

63 1492 545 1586 licuisset2medieos,utvim
557 1492 875 1583 ignoratam'morbi
886 1511 1137 1583 cognoscerent,

63 1613 209 1681 viscera
225 1607 420 1692 rescidisse;
450 1606 553 1677 hodie
574 1607 774 1678 cadaverum
797 1625 890 1678 artus
911 1608 1079 1692 rescindi,
1104 1627 1142 1678 ut

64 1739 259 1796 nervorum
282 1722 569 1815 articulorumque
586 1723 708 1816 positio
731 1725 886 1814 cognosci
903 1725 1019 1818 possit.

119 1839 289 1908 Anaurros
318 1839 384 1906 hoc
408 1836 522 1906 colore
552 1863 560 1905 ε
587 1836 825 1907 Calamitosum
849 1839 970 1922 fuisse,
997 1839 1116 1908 orbum
1127 1889 1138 1924 ,

63 1951 189 2048 palam
207 1967 348 2022 mortem
363 1968 532 2046 optantem
548 1980 555 2020 :
572 1975 635 2021 nee
648 1952 747 2020 aliter
760 1953 854 2022 illum
868 1954 1046 2048 Philippus
1059 1979 1142 2034 ven-

65 2069 238 2153 didisset,
258 2069 325 2138 nisi
341 2084 492 2162 putasset
510 2068 561 2136 illi
579 2057 711 2162 pernam
730 2093 802 2138 esse
818 2071 944 2139 vivere.

121 2185 210 2256 Suo
226 2188 394 2255 Pomms
415 2183 553 2278 putabat
574 2182 779 2253 commodius
796 2209 885 2272 esse,
903 2186 932 2253 si
948 2187 1014 2255 hoc
1028 2187 1140 2255 animo

66 2307 157 2374 isset
173 2301 373 2371 Parrhasius
388 2301 432 2369 ad
449 2302 656 2380 auctionem,
675 2316 713 2368 ut
726 2301 871 2393 aliquem
886 2305 921 2370 in
937 2303 1030 2372 hunc
1042 2328 1139 2372 usum

63 2432 222 2501 emeret3
238 2418 362 2509 poterit
375 2417 465 2484 enim
478 2414 605 2500 videri,
620 2415 761 2509 elegisse
774 2416 972 2485 vilissimum
987 2433 1020 2486 et
1033 2419 1139 2486 maxi·

65 2557 128 2602 me
148 2531 319 2600 inutilem.

119 2649 232 2716 Fusco
244 2645 392 2716 Assumo
402 2645 556 2740 placebat
565 2695 576 2732 ,
592 2661 738 2741 emptum
754 2644 891 2738 quidem
902 2646 996 2723 illum
1008 2647 1043 2712 in
1056 2645 1141 2744 alios

66 2787 157 2834 usus
174 2788 185 2831 ι
202 2761 262 2832 sed
285 2787 390 2856 quum
410 2763 590 2848 deficeret,
613 2779 653 2831 et'
669 2763 754 2832 mori
776 2762 897 2846 vellet,
926 2762 962 2830 io
985 2762 1021 2830 id
1046 2763 1138 2854 quod

65 2905 181 2949 unum
198 2903 240 2946 ex
254 2878 417 2948 cadavere
429 2879 548 2948 artilex
561 2893 712 2973 poterat,
729 2881 929 2974 impensum.
1122 2855 1125 2867 ι
1187 2966 1188 2974 ¹

1 3063 2 3066 ,
119 2999 251 3067 thuo
267 2992 310 3062 ad
326 3011 484 3064 neutrum
500 3019 537 3062 se
549 2993 701 3088 alligavit
710 3045 721 3080 ,
741 3019 805 3064 nec
823 2995 922 3079 dixit,
943 3018 1010 3088 quo
1024 2995 1136 3064 animo

65 3112 223 3180 emisset.
236 3113 415 3180 Gmmmus
430 3109 525 3178 color
537 3095 761 3179 intolerabilis
774 3128 843 3198 est3
858 3110 943 3178 dixit
956 3111 1065 3192 enim,
1078 3134 1137 3180 se-

65 3251 151 3296 nem
165 3249 208 3294 ex
220 3227 327 3294 noxiis
338 3225 511 3319 Olynthiis
523 3224 655 3293 emisse.
672 3223 774 3319 Quod
788 3227 816 3293 si
830 3226 910 3295 licet
922 3226 972 3294 illi
985 3227 1131 3320 fingere,

64 3367 141 3412 non
168 3341 268 3410 rideo
294 3365 399 3434 quare
423 3366 491 3410 non
518 3339 636 3410 eadem
661 3365 763 3435 opera
781 3341 889 3423 dicat,
912 3359 947 3410 et
963 3345 1135 3412 conscium

63 3455 275 3552 proditionis
291 3458 473 3542 Lastheni,
492 3473 526 3526 et
543 3481 579 3526 se
596 3481 702 3551 poenae
722 3481 821 3526 causa
841 3459 989 3528 torsisse.

117 3572 399 3648 HrsroRousnos
416 3571 642 3662 ignorantiam
663 3570 756 3638 illam
768 3571 978 3641 ,excusavitfl
998 3572 1130 3655 Pictor,

64 3691 210 3781 inquam
220 3737 232 3774 ,
259 3688 349 3756 intra
370 3687 541 3756 officinam
557 3711 651 3755 suam
671 3686 820 3768 clausus,
838 3688 898 3780 qui
916 3687 988 3756 haec
1003 3701 1133 3756 tantum

61 3805 224 3898 vulgaris
231 3806 308 3896 jure
321 3803 470 3890 noverit,
489 3805 526 3872 in
539 3825 673 3872 servum
685 3801 774 3870 nihil
786 3826 854 3872 non
865 3802 1001 3873 domino
1012 3803 1129 3890 licere,

64 3995 132 4048 opus
146 3985 212 4042 erat,
225 3975 369 4046 fictumque
381 3973 480 4027 volebat
491 3985 579 4046 pster-
627 3972 761 4030 tullianum
776 3974 905 4046 legissetis
919 3972 1060 4046 Herophilo
1072 3993 1131 4026 me-

64 4052 194 4119 fsmilias,
206 4071 260 4104 non
274 4063 310 4105 est
323 4063 458 4104 exsecutus.
470 4049 568 4103 Schola
626 4050 684 4105 dire
700 4063 813 4107 sexcenta
825 4053 946 4123 cadavera
957 4063 1024 4106 serta
1035 4050 1131 4114 fnisse3

103 4151 126 4184 r.
138 4132 254 4186 Medicas
268 4140 297 4183 ut
311 4133 366 4185 vim
377 4131 532 4199 rgnorotom.
543 4129 578 4182 Ut
625 4127 669 4182 lib.
682 4129 712 4184 de
724 4129 809 4188 anim
820 4149 876 4202 cap.
888 4148 925 4182 ιο.
935 4127 1030 4182 Sesars

64 4207 181 4262 medicos
191 4206 306 4275 minen,
323 4207 413 4259 videor
429 4206 495 4280 rputl
504 4207 576 4259 Ter·-
658 4225 680 4258 ι.
693 4206 880 4275 Ignorantiam
895 4207 972 4259 illam
986 4207 1130 4259 ammovit.
