2842 4812
315 462 379 550 278
447 455 449 460 ’
635 460 683 524 Μ.
710 456 856 526 ANNAEI
879 457 1060 527 sEntEcAE

314 584 530 655 contumeliit
546 583 717 673 efficeret,
736 601 917 678 antequam
936 586 1128 672 occideret,
1149 603 1187 656 et
1203 590 1311 656 vivum
1323 587 1368 656 lt-

192 689 194 698 ’
313 704 437 772 uiaret.
489 693 491 698 ¹

246 887 249 896 ,
362 816 592 886 tiemonis
609 817 694 885 dixit
711 845 719 884 :
735 819 881 886 Vocatus
895 818 992 904 veni3
1011 832 1088 911 poet
1102 818 1367 911 proscriptionem

313 933 480 1003 Antonine
506 932 692 1002 terribilior
714 949 788 1002 erat
812 932 919 1000 laetus
940 933 1041 1005 etiam
1066 936 1149 1001 ouis.
1177 934 1289 1002 Juntne
1306 955 1366 1000 eum

314 1053 514 1121 Ciceronem
525 1047 681 1120 occidere
694 1077 700 1116 :
714 1049 796 1142 qnid
811 1049 1062 1146 faceremi’Non
1072 1073 1198 1142 parere
1209 1045 1389 1131 unomodo'·

313 1184 486 1262 poteram,
509 1166 538 1235 ei
556 1162 610 1235 me
633 1164 831 1235 occidissem
854 1193 862 1231 ι
884 1164 950 1233 boc
971 1187 1036 1234 nee
1053 1167 1177 1235 Cicero
1195 1181 1328 1260 poterat.

363 1281 501 1376 Aperte
516 1283 720 1348 accusatoris
734 1281 793 1349 illo
806 1280 894 1362 loco,
915 1303 983 1372 quo
997 1278 1150 1374 Popilius
1163 1283 1267 1368 venit,
1283 1303 1366 1350 nemo

313 1421 383 1468 non
396 1396 529 1490 aliquid
545 1399 626 1465 novi
644 1395 751 1485 voluit
766 1395 896 1464 dicere.

351 1517 471 1583 Lnrro
486 1515 536 1583 nit
552 1540 560 1580 ε
575 1513 795 1582 Praeclueerat
815 1513 947 1593 ioret¹,
972 1533 1074 1580 nemo
1096 1511 1143 1580 ad
1162 1514 1364 1607 proscriptum

311 1626 556 1720 recipiebatur.
577 1626 730 1720 Popilius
747 1640 786 1694 ut
802 1626 916 1706 venit,
936 1620 1104 1692 admissus
1123 1642 1188 1694 est.

359 1744 498 1811 Crsrrns
515 1739 601 1808 dixit
623 1742 695 1810 :Ut
715 1741 947 1810 renuntiatum
961 1755 1013 1808 est
1030 1739 1212 1826 Ciceroni,
1234 1743 1279 1810 nit
1293 1765 1301 1808 ι
1313 1742 1365 1809 Ρο·

310 1854 395 1950 pilio
413 1877 547 1948 temper
564 1879 662 1923 veno.
1018 1941 1020 1944 Ι

360 1973 522 2039 Hormus
539 1972 725 2039 Continuus
739 1970 820 2040 fecit
835 1972 936 2039 etiam
944 1979 1152 2063 'querentem
1166 1973 1362 2044 Ciceronem:

309 2088 438 2182 Popili,
459 2101 527 2156 tam
544 2087 648 2154 sero?

357 2201 522 2272 Annnnrux
541 2200 647 2269 dixit:
663 2199 759 2294 Quid
778 2217 850 2284 est,
870 2202 1005 2296 Popilii
1024 2204 1152 2296 ecquid
1174 2219 1245 2274 tuto
1266 2203 1360 2270 lateo:

276 2394 282 2406 .
310 2316 479 2411 numquid
493 2315 674 2386 mutandus
691 2332 742 2385 eet
759 2313 884 2386 locuni

356 2438 477 2530 Inepte
492 2434 674 2504 Avrnrnnns
692 2436 838 2514 Pinnos,
858 2435 919 2526 qui
931 2433 1065 2504 induxit
1077 2436 1293 2517 Ciceronem,
1305 2447 1362 2502 mm

296 2552 453 2624 ’maxime
470 2552 658 2620 orationem
674 2574 738 2644 pro
753 2550 886 2643 Popilio
901 2549 1084 2642 legentem.

353 2671 398 2737 Et
409 2670 626 2737 Monnurnms
640 2690 707 2735 non
721 2682 772 2735 ent
784 2691 901 2760 pansus
915 2665 1004 2735 benc
1016 2669 1279 2738 controversiam
1288 2682 1364 2734 tran·

305 2787 374 2854 tire
385 2833 397 2871 ,
418 2785 493 2854 tine
514 2783 628 2876 eliqua
652 2785 802 2875 stuporis
824 2784 877 2851 nui
904 2799 995 2852 noto.
1019 2786 1210 2879 Descripsit
1225 2784 1309 2854 enim
1324 2781 1364 2848 le

306 2915 438 2969 rentem
461 2921 597 2968 monum
617 2912 652 2966 et
675 2914 777 2991 capnt
794 2899 971 2966 Ciceronis
991 2898 1181 2992 Popilium,
1207 2917 1240 2972 et
1258 2894 1362 2993 Popilii

228 3073 231 3080 ,
304 3039 442 3085 manum
469 3012 564 3082 dedit
581 3013 697 3082 Tullio
718 3015 885 3107 :Quanto
905 3015 1027 3084 aliter¹
1048 3038 1129 3085 reue
1142 3017 1361 3090 Ciceronitte-

304 3131 409 3202 nebne
426 3155 562 3200 monum
575 3131 672 3222 ejus?

297 3325 397 3382 inimici
416 3326 561 3391 Ciceronis,
584 3324 684 3398 Popilio
710 3325 809 3380 Leonti
857 3328 960 3392 storici,
974 3329 1047 3382 Sum.
1060 3350 1088 3398 7,
1110 3329 1205 3382 diserte
1221 3343 1302 3380 omnes
1312 3339 1358 3394 pro·

297 3406 385 3470 vitm,
414 3425 465 3478 qun
496 3404 583 3460 lectica
611 3404 808 3477 deportabatur,
859 3405 1100 3461 diderunt.Scbott.

296 3483 441 3539 ostendisse
459 3484 543 3538 relert.
558 3482 655 3536 Sctott.
901 3509 922 3540 π.
940 3487 1048 3558 Quanto
1058 3490 1143 3541 aliter.
1152 3485 1268 3560 Respexit
1276 3495 1357 3533 morem

223 3573 226 3580 ’
334 3585 356 3618 1.
372 3564 552 3618 Proeclnsera!
556 3563 641 3633 sores.
656 3562 760 3618 Falsum
772 3561 815 3615 id:
866 3585 967 3620 reorum
981 3578 1006 3618 et
1015 3565 1138 3619 clientum
1149 3565 1257 3617 Roman.
1267 3558 1305 3631 qui
1313 3573 1357 3608 sor·

297 3641 351 3694 imo
372 3641 402 3696 in
421 3661 511 3713 etmpo
527 3642 616 3696 lentico
632 3641 772 3696 vehebatur
789 3657 818 3694 ut
866 3641 1234 3718 didntitnenumprenubnnt,
1245 3647 1356 3692 momn-

296 3721 463 3792 Plutarchus,
472 3721 559 3777 Livius
571 3759 578 3788 ,
590 3721 720 3796 Appitnns
734 3734 758 3774 et
769 3720 816 3772 ffi-
866 3719 954 3774 didati.
965 3719 1062 3778 Sebott.

695 4013 982 4048 unu-*n-
