2842 4812
270 397 706 468 eonrnovnnsnnnn
729 403 811 468 mn.
838 403 897 470 [υ.
1059 406 1122 496 ²47

70 531 191 623 questio
214 552 280 622 per
301 550 460 596 numeros
478 531 576 595 suos¹
598 526 771 620 implenda
789 553 857 598 non
876 533 951 600 est?
966 536 1025 604 Est
1044 537 1123 628 qui·

71 645 150 726 dem,
166 643 225 713 sed
241 661 402 734 tanquam
418 641 584 722 accessio,
604 665 675 710 non
692 658 853 735 tanquam
875 670 1015 718 summo.
1035 650 1124 719 Nul-

70 763 125 830 lnm
142 760 255 830 hobilo
275 759 465 830 membrum
483 772 555 842 est,
577 759 605 827 si
630 763 766 854 corpori
789 786 851 857 per
874 779 937 833 est.
958 765 1128 862 Splendor

70 881 232 965 orationis,
253 893 403 972 quantus
419 875 533 945 neseio
547 897 590 943 an
604 876 640 944 in
653 875 724 946 ullo
738 876 806 946 elio
820 878 935 950 inerit.
952 884 1029 952 Non
1043 884 1128 954 lexis

70 1019 194 1087 nogna,
214 993 277 1063 sed
290 993 436 1088 phrasis.
453 990 597 1061 Dicebat
608 993 709 1062 etism
722 993 824 1062 citato
834 1009 871 1064 et
882 997 991 1068 effuso
1003 1012 1126 1082 eursu,

69 1107 118 1178 sed
133 1122 337 1204 preparato.
356 1105 602 1200 Extemporalis
618 1107 669 1174 illi
688 1107 898 1191 facultas,'nt
910 1111 1127 1184 affirmabant

70 1229 118 1320 qni
132 1231 274 1322 propius
290 1241 433 1310 norant,
455 1249 524 1293 non
542 1222 677 1306 deerat,
699 1225 959 1321 sed-putabatur
973 1233 1046 1326 ipse
1060 1207 1126 1302 sibi

71 1339 182 1410 deesse.
202 1340 410 1422 sementim,
432 1362 515 1430 quas
532 1339 659 1432 optime
675 1338 784 1407 Pollio
800 1339 939 1410 Asinius
954 1343 1049 1414 albot
1065 1369 1128 1442 vo·

70 1457 168 1544 obst,
188 1456 383 1552 simplices,
412 1469 556 1550 opertae,
583 1455 671 1524 nihil
696 1457 885 1543 oecultum,
903 1459 993 1530 nihil
1011 1463 1128 1556 inspe-

72 1589 163 1642 rotnm
177 1573 381 1658 offerentes,
400 1571 461 1642 sed
476 1571 610 1665 vocales
621 1588 657 1641 et
670 1571 868 1666 splendide.
885 1575 1037 1646 Affectus
1049 1579 1128 1648 elli·

72 1692 179 1760 molter
190 1693 319 1772 movit,
337 1689 509 1783 figurabat
521 1688 691 1783 egregie¹,
705 1689 917 1785 praeparobnt
929 1693 1127 1786 suspiciose,

70 1805 147 1874 Nihil
159 1823 209 1875 est
225 1821 342 1875 sutem
363 1823 430 1874 tom
448 1797 657 1887 mimieum³,
679 1828 781 1897 quom
798 1806 975 1876 manifeste
992 1829 1128 1902 prepo-

73 1922 156 1990 rotio.
174 1923 327 2019 Apparet
343 1925 435 1992 enim
456 1921 597 1990 subesse
616 1922 732 1990 neseio
756 1921 841 2013 quid
858 1922 959 2010 mali3
983 1921 1133 2017 ideoque

73 2035 240 2108 moderatio
257 2055 312 2109 est
327 2035 543 2123 adhibendo,
558 2053 596 2104 ut
609 2035 667 2108 illo
677 2038 722 2105 sit
733 2040 952 2131 preparatio,
966 2062 1036 2108 non
1048 2063 1131 2136 oon-¹

74 2151 170 2222 lessio.
184 2159 316 2227 Locum
327 2154 432 2242 'besto
451 2153 625 2248 implebat.
641 2155 716 2221 Non
735 2176 851 2247 posses
865 2154 909 2224 de
926 2157 1129 2251 inopisser-

74 2271 166 2337 nonis
177 2271 294 2338 Lntini
309 2271 408 2362 queri
424 2289 529 2358 quum
544 2264 641 2334 illum
652 2266 807 2356 audires,
824 2285 953 2338 tantum
970 2273 1132 2344 orationis

74 2379 317 2454 admouebat!
334 2385 516 2474 Nunqu'am
534 2403 570 2449 se
588 2382 687 2450 torsit
704 2384 874 2476 quomodo
896 2385 1038 2455 dioeret.
1054 2389 1132 2458 Suf-

75 2497 193 2569 ficiehnt
216 2509 311 2569 enim
338 2496 390 2566 illi
415 2497 636 2589 inquantum
655 2497 831 2581 voluerat,
854 2501 1045 2593 explicandi
1062 2503 1146 2572 vis(

75 2613 175 2708 ltaque
191 2617 267 2710 ipse
293 2614 410 2683 dicere
426 2612 576 2698 solebat,
598 2636 704 2706 quum
719 2613 824 2683 vellet
842 2615 1040 2700 ostendere,
1058 2629 1128 2690 no'n

76 2728 211 2802 hesitare
224 2757 264 2802 se
278 2733 313 2800 in
325 2731 492 2800 electione
500 2728 683 2801 verborum
697 2731 833 2822 :Quum
845 2756 916 2802 rem
932 2735 1065 2803 animus
1078 2761 1135 2806 oo-

77 2850 211 2940 mporit‚
229 2848 340 2917 verbs
354 2843 521 2916 ambiuntss
543 2847 813 2940 Inaequolitotem
828 2851 865 2918 in
880 2848 941 2919 illo
957 2851 1076 2919 mirari
1090 2851 1132 2920 li·

77 2960 172 3035 lebat.
194 2963 500 3062 splendidissimus
521 2979 616 3051 erat,
638 2961 729 3034 idem
752 2989 808 3036 res
830 2964 965 3035 dicebat
981 2967 1132 3036 omnium

78 3073 343 3169 wrdidissimas⁴,
360 3099 490 3150 acetum
497 3132 509 3164 ,
526 3097 559 3148 et
572 3083 737 3172 puleium,
757 3098 791 3150 et
806 3085 972 3194 latomos,
987 3085 1133 3180 philoro-

106 3311 125 3343 ι.
134 3293 184 3348 Per
193 3312 316 3350 ommi-oe
325 3309 396 3346 suos.
405 3293 517 3346 Numeri
524 3311 573 3368 pro.
619 3311 729 3365 gerere
749 3293 837 3348 socom
855 3295 966 3349 auditori
986 3295 1068 3352 ficere
1092 3296 1136 3348 ei-

78 3372 173 3441 podius
181 3389 240 3429 eunt
251 3372 404 3445 aecipiendi.
620 3370 711 3424 deeris.
723 3371 767 3426 sic
779 3373 876 3445 prodet.
886 3373 932 3428 lib.
942 3374 999 3426 Vl:
1009 3394 1024 3423 e
1036 3373 1066 3430 C.
1078 3373 1135 3431 silo

105 3470 125 3502 π.
139 3452 292 3522 Εἰςυωὸαι
303 3452 407 3521 egregie.
419 3449 464 3504 Sie
477 3448 508 3502 de
523 3450 571 3502 hoe
620 3459 717 3522 perlem
724 3449 887 3518 Eloquentia
895 3449 1008 3524 putabet,
1015 3450 1137 3522 eloquen-

79 3523 123 3596 ipso
131 3529 244 3597 liborio,
254 3529 378 3582 controv.
390 3545 434 3593 ¹²3
442 3524 572 3582 demotis-
620 3525 683 3580 tiam
697 3523 878 3581 obtundere.»
889 3525 988 3581 Sedott.

79 3601 130 3659 time
145 3608 171 3660 in
189 3607 287 3679 aliquae
303 3605 422 3675 bigerus
441 3603 574 3657 declame—
654 3607 678 3672 4.
691 3605 774 3658 Idem
785 3621 825 3658 res
836 3604 1137 3660 doebotomm'umsot»

82 3679 161 3736 tionem
169 3685 324 3748 daeribere,
337 3696 361 3736 et
369 3682 416 3736 inl.
425 3683 456 3736 de
465 3685 574 3752 Figura
621 3685 789 3740 fidissimos.
797 3683 854 3738 llos
865 3698 912 3753 eet,
920 3687 1095 3754 edoleoeleee,
1107 3684 1140 3739 de

80 3763 270 3820 coensem
621 3762 715 3833 quibus
742 3762 867 3817 Aristides
894 3765 1073 3834 Quintilianus
1105 3775 1138 3819 Es

108 3835 209 3894 &Tam
225 3843 372 3894 inimicum.
390 3839 511 3894 Sehottus
528 3839 573 3910 qui
622 3847 657 3912 τῷ
678 3841 736 3913 mpl
756 3847 856 3911 ἂφιλοῦς
877 3843 960 3910 λόγου,
985 3843 1139 3899 etflermo-

82 3912 154 3967 terilit
172 3936 179 3968 ι
199 3919 265 3972 nihil
282 3930 321 3972 est
342 3929 399 3972 lam
421 3921 571 3983 inimicum,
623 3941 701 3992 genes
725 3919 799 3974 illum
825 3935 942 3985 secutus,
967 3920 1019 3976 eod.
1036 3918 1138 3976 brevius

83 3995 574 4067 notemadjicittlllonentstudioeelllre·
625 4005 657 4054 Ee
676 4004 711 4066 τῷ
734 3999 789 4068 περὶ
809 4001 932 4066 ἄφιλιῖας,
950 3998 994 4050 ubi
1011 4010 1037 4051 et
1052 3998 1140 4053 obsor-

85 4074 188 4138 toree,in
200 4077 239 4130 his
252 4073 341 4129 Cicero
350 4086 375 4126 et
387 4073 483 4126 Fabius
493 4095 576 4141 ,surn-
625 4089 698 4130 votur
713 4077 728 4128 tr
746 4076 849 4134 Critieis
865 4077 950 4146 aliqua
971 4078 1040 4147 qood
1056 4079 1141 4134 :deeld

86 4145 115 4198 mi
129 4151 223 4209 retificis
239 4173 305 4222 esse,
326 4152 430 4209 dicendi
442 4165 521 4207 artem
541 4165 577 4208 te·
627 4165 723 4220 essent,
737 4166 762 4208 et
773 4154 881 4228 indigna
892 4154 1066 4210 Demosthene
1078 4156 1143 4208 obe-
