2874 4768
291 359 356 425 600
494 349 497 356 ’
610 354 657 418 Μ.
683 331 1088 418 annm'snuncn'

292 501 386 575 teger
405 475 567 572 tyrannus
584 479 685 570 jacet.
710 480 794 543 Tam
814 479 951 542 necesse
970 474 1035 540 suit
1053 487 1182 564 patrem
1194 474 1351 558 credere.

292 621 392 690 quam
411 595 555 688 spoliare
580 591 721 684 templa,
743 590 893 680 virginea
911 611 1045 681 rapere.
1065 589 1268 680 Oquantum
1284 590 1351 657 de·

292 711 408 779 bemm
428 710 500 778 ictis
515 706 685 786 manibus,
713 726 881 797 perquer
902 703 970 794 jam
1000 702 1087 768 nihil
1112 726 1250 771 nocetne
1272 703 1346 772 eat!

292 825 394 895 Talea
413 825 565 904 luerunt,
589 835 627 888 ut
649 843 688 888 ex
708 820 761 886 hia
777 834 889 911 poscet
902 833 1082 909 tyrannum
1098 818 1184 886 alter
1198 835 1352 886 contem-
1418 823 1420 888 l

1418 889 1420 936 l

294 961 395 1022 nere,
421 937 507 1004 alter
528 931 694 1002 occidere.
714 929 933 1023 Praecipitasti
954 946 1005 1010 tc,
1031 929 1101 1012 fili;
1128 928 1194 997 hoc
1214 953 1282 997 non
1300 949 1351 998 ert
1419 973 1420 1036 ἶ

218 1137 220 1140 .
293 1053 382 1145 patri
396 1073 534 1158 parcere
543 1049 629 1133 ,aed
646 1048 723 1114 tibi.
740 1048 850 1144 Dura,
872 1045 942 1131 lili3
962 1047 998 1112 in
1015 1061 1193 1146 tyrannum
1207 1046 1271 1113 tibi
1289 1069 1351 1138 per
1419 1059 1420 1110 t

231 1236 238 1248 ,
294 1181 422 1261 putrem
437 1163 584 1233 eundum
597 1179 658 1232 est.
676 1165 794 1231 Utrum
813 1186 853 1229 ex
874 1160 954 1229 filiis
976 1161 1058 1228 meio
1080 1161 1351 1254 probatirialter

295 1305 331 1352 te
348 1281 488 1364 occidit,
508 1279 593 1347 alter
606 1295 797 1369 tyrannum.
818 1279 1001 1370 Suspensas
1018 1277 1140 1344 leviter
1153 1276 1350 1345 admovebat

259 1385 269 1399 ”
296 1421 425 1466 manua.
444 1396 552 1463 Filiua
566 1392 741 1486 simulabat
755 1369 858 1474 ἰοῑυέ,
881 1393 1146 1484 ραῑετθοωὴιιε.
1164 1395 1349 1460 Necessitas

298 1511 455 1604 magnum
472 1511 625 1578 humanae
644 1509 850 1576 infelicitatis
868 1509 1103 1600 patrocinium.
1124 1511 1203 1576 Haec
1222 1525 1350 1577 eroum

296 1628 517 1720 Saguntinos,
537 1627 689 1717 quamvis
708 1647 775 1690 non
792 1622 977 1720 ceciderint
996 1640 1120 1716 patrea,
1138 1621 1200 1692 aed
1214 1625 1350 1692 occide-

299 1746 386 1813 rint.

346 1861 382 1927 Si
403 1883 466 1927 nec
487 1857 570 1926 iate*
586 1857 773 1925 cecidisset.
797 1857 859 1924 llle
882 1879 933 1922 me
957 1856 1053 1923 fratri
1075 1857 1282 1948 reliquerat,
1299 1859 1353 1926 hie

299 1990 452 2063 tyranno.
469 1973 509 2037 In
524 1969 618 2062 lege,
635 1971 765 2062 iuquit,
783 1968 870 2036 nihil
882 1970 1059 2062 excipitur.
1077 1968 1144 2037 Sed
1158 1971 1265 2039 multa
1277 1971 1351 2038 licet

263 2167 268 2176 .
298 2110 367 2154 non
385 2084 614 2176 excipiantur,
639 2061 885 2174 intelliguntur.
905 2087 947 2152 Et
963 2085 1124 2176 scriptum
1141 2083 1230 2175 legia
1244 2077 1353 2177 anguss

253 2267 254 2270 ,
298 2214 403 2283 atum,
420 2199 651 2290 interpretatio
669 2197 789 2266 diffirta
807 2216 869 2266 est.
887 2199 986 2290 Quid
1002 2201 1142 2266 intereat
1164 2199 1243 2290 lege
1263 2200 1350 2266 exci-

301 2337 382 2406 pere
390 2301 461 2397 ‚une
475 2311 584 2379 fraudi
598 2312 641 2379 ait
653 2314 684 2379 ei
698 2314 757 2404 qui
768 2336 831 2404 per
841 2314 1003 2380 insaniam
1015 2327 1144 2406 patrem
1154 2313 1349 2404 pulsaverit:

303 2454 405 2523 quum
418 2428 468 2495 illi
481 2452 548 2496 non
559 2427 741 2520 supplicio,
757 2428 816 2495 aed
833 2428 983 2496 remedio
1002 2452 1085 2520 opus
1100 2431 1160 2514 sjt3
1181 2453 1226 2496 ne
1242 2431 1352 2521 punin-

301 2559 358 2610 tur
370 2541 498 2625 inlana,
514 2542 542 2607 ei
552 2539 734 2632 pulsaverit
743 2557 886 2632 patrem.
901 2544 973 2608 Hoc
987 2543 1045 2631 qui
1059 2559 1202 2634 cogente
1215 2558 1350 2632 tyranno

303 2653 399 2742 lecit',
426 2658 498 2747 ipso
517 2655 580 2722 luit
602 2655 755 2722 miserior
784 2655 975 2746 vapulante.
995 2658 1069 2722 Non
1089 2670 1140 2723 eat
1160 2654 1346 2748 impudica,

302 2792 377 2859 quie
392 2767 551 2835 accercito
564 2782 615 2833 eat
628 2790 647 2831 a
660 2782 822 2858 tyranno3
841 2791 909 2834 non
924 2782 974 2834 eat
987 2767 1171 2860 sacrilegus
1185 2765 1347 2846 sacerdos,

302 2885 361 2975 qui
378 2883 515 2950 deorum
537 2882 774 2949 immortalium
796 2882 883 2950 dona
906 2885 975 2950 suis
993 2883 1146 2950 menibus
1160 2883 1299 2975 pertulit
1311 2880 1348 2950 ad

302 3017 494 3091 tyrannum.
512 3001 612 3065 Patre
625 2999 766 3090 jubente
781 2999 878 3084 lecit3
897 3024 961 3068 nec
974 2999 1095 3068 cecidit
1111 3001 1203 3094 ipse,
1220 3000 1280 3069 ced
1295 3025 1348 3092 pu·

302 3115 383 3182 ruit.
402 3112 584 3180 Ultiocaeri
602 3114 706 3205 patris
716 3163 731 3200 ,ι
743 3112 868 3180 nullius
882 3130 948 3198 est,
972 3115 1038 3181 nisi
1051 3113 1171 3206 patria.
1188 3116 1223 3183 si
1238 3139 1259 3181 a
1273 3137 1349 3206 quo-

236 3207 241 3216 ·
303 3229 386 3297 libet
410 3228 520 3296 alieno
546 3253 646 3298 cerua
671 3252 794 3310 eorem,
821 3246 854 3298 et
869 3230 1068 3319 injuriarum
1089 3255 1192 3324 agere
1211 3230 1344 3310 nollem,

303 3366 402 3410 nemo
426 3344 560 3411 nomine
585 3367 659 3411 meo
679 3360 807 3436 ageret.
832 3347 928 3411 Nunc
957 3345 1043 3413 nihil
1070 3347 1224 3412 intereat.
1255 3349 1346 3414 Poenc

304 3457 409 3550 major
428 3472 477 3524 eat
494 3457 646 3550 ejusqui
664 3457 802 3539 cecidit,
820 3459 876 3548 jus
892 3457 980 3527 idem
1000 3459 1149 3553 ejusqui
1172 3483 1277 3530 cecus
1293 3475 1345 3528 eat.

349 3639 458 3707 PARS
476 3638 662 3709 ALTERA.
684 3639 829 3710 Tamdiu
850 3643 970 3711 cecidit
991 3658 1141 3736 patrem,
1162 3643 1269 3712 donec
1282 3644 1345 3738 pla·

304 3821 490 3874 delendnmert.
500 3824 587 3892 Neque
597 3823 744 3877 enimtliud
754 3839 801 3889 art,
852 3827 933 3880 «Duo
946 3827 1113 3880 adolescentes
1130 3828 1238 3898 equales
1251 3829 1346 3898 jnrave-

303 3898 371 3967 qnod
390 3899 499 3968 reqnilnr
517 3917 524 3952 ι
542 3897 668 3953 Petuntur
688 3921 803 3954 monus:
850 3899 925 3968 runt,
943 3915 972 3955 ut
988 3903 1049 3956 ulter
1065 3904 1167 3956 ulterior
1186 3916 1281 3976 patrem
1301 3922 1347 3958 ιι·

303 3974 804 4051 crqnoutirintrlligiturrcnmeoeripa-
852 3981 927 4034 deret.
941 3978 1099 4032 Ceciderunt.
1116 3981 1238 4033 Petuntur
1255 3999 1342 4034 maner.

303 4050 346 4103 trit
357 4071 415 4105 erre.
424 4053 465 4107 sic
472 4053 650 4122 Quintilianus,
662 4056 732 4108 Dccl-
742 4057 803 4110 352:
852 4058 935 4110 Patres
947 4055 1099 4110 vindicant.»
1114 4059 1227 4110 Gronov.
