2866 4814
310 433 371 497 118
627 431 676 496 Μ.
701 429 845 498 ANNAEI
869 431 1047 500 SENECAE

305 560 378 625 xit:
397 558 463 626 Det
493 578 609 649 poenss
626 555 708 642 tibi,
734 557 886 649 perdidit
908 562 1036 644 virum,
1064 561 1215 654 perdidit
1242 563 1372 646 filium,

306 672 481 766 segretanti
495 695 565 739 non
581 670 754 758 assidebo,
774 690 928 767 egentem
946 701 1016 745 non
1032 677 1133 762 alam,
1156 681 1274 748 omnia
1293 679 1374 746 milri

305 787 416 856 libera
433 802 532 870 sunt,
550 788 621 880 jsm
638 789 742 856 vitam
756 787 808 856 illi
824 813 894 858 non
910 789 1020 861 debeo
1036 797 1061 860 ¹.

355 1021 420 1088 EX
444 1019 620 1088 ALTERA
635 1020 783 1088 PARTE
798 1020 902 1088 mults
915 1037 993 1089 sunt
1009 1021 1242 1114 pulcherrime
1262 1022 1370 1092 dieta:

308 1137 368 1206 sed
385 1138 498 1206 neseio
512 1161 555 1204 an
575 1138 702 1205 Graeeis
719 1139 824 1204 nostri
843 1115 971 1206 cessuri
988 1139 1067 1206 sint.
1248 1216 1252 1226 1

308 1296 326 1354 ¹,
355 1253 395 1318 ln
423 1251 488 1319 hue
511 1252 739 1320 controversie
761 1249 846 1319 dixit
870 1252 986 1318 Artis:
1007 1250 1118 1320 Habet
1141 1253 1277 1345 aliquid
1299 1277 1372 1321 eor-

264 1409 267 1412 ·
307 1369 399 1461 rupti
414 1372 426 1402 ³
442 1369 515 1437 hec
532 1368 710 1436 sententis.

318 1462 322 1470 ⁴
355 1489 465 1554 Lxrxo
478 1485 563 1554 dixit
580 1511 588 1554 :
605 1485 779 1577 Quantum
793 1507 856 1579 ego
872 1502 954 1554 tune
970 1503 1108 1578 questus
1121 1511 1195 1556 sum
1211 1513 1290 1557 eum
1305 1489 1371 1555 ior-

307 1619 389 1672 tuns
401 1599 417 1688 ’χ
429 1627 522 1687 meu,
543 1602 636 1696 quod
649 1626 717 1670 non
737 1619 772 1670 et
786 1603 902 1671 oeulos
915 1601 1160 1697 perdidissem!

356 1723 436 1790 Suo
451 1723 617 1790 Ponrnrus
629 1717 715 1786 dixit
730 1745 738 1785 :
754 1719 841 1803 Fili,
858 1735 917 1788 sut
933 1720 1049 1788 oeulos
1062 1745 1162 1807 erue,
1182 1739 1245 1792 sut
1257 1744 1370 1792 munus

307 1836 493 1908 commode.
521 1839 648 1906 Omn'es
671 1836 802 1928 aliquid
825 1835 908 1905 belli
928 1837 1110 1906 dixerunt:
1131 1839 1189 1907 illo
1208 1841 1283 1922 loeo
1308 1861 1369 1931 quo

307 1952 512 2050 deprehensi
528 1970 607 2024 sunt
622 1952 786 2038 adulteri,
808 1952 952 2022 dimissi.

355 2075 464 2140 Lsrro
481 2069 566 2137 dixit
582 2096 590 2137 ι
610 2068 789 2138 Adulteros
802 2093 895 2138 meos
911 2085 1040 2139 tantum
1054 2072 1209 2140 excitavi.

296 2173 299 2178 ¹
355 2188 474 2254 Fuscus
488 2185 648 2254 Anrxxms
664 2185 766 2267 dixit,
784 2185 934 2252 innuisse
950 2186 1098 2270 nuntiae3
1118 2184 1280 2278 frigidius
1293 2183 1368 2252 dixit

307 2305 511 2374 eontrarium
528 2303 580 2370 illi
597 2302 796 2370 sententiam
814 2329 820 2368 :
838 2300 1017 2370 Adulteros
1035 2303 1230 2372 interventu
1245 2321 1366 2372 meone

306 2421 449 2488 excitavi
466 2416 617 2512 quidem.

356 2515 468 2606 Vrsrds
480 2537 588 2604 Rosos
600 2535 684 2604 dixit
700 2534 875 2604 :Adulteri
887 2537 1004 2606 merito
1019 2559 1088 2604 non
1101 2547 1362 2605 assurrexerunt.

355 2657 519 2722 Posrrnms
530 2652 614 2720 dixit
630 2680 637 2719 :
653 2650 876 2736 Adolescens,
894 2649 1042 2744 denique
1056 2650 1227 2721 adulteros
1239 2653 1364 2722 excita:

305 2787 480 2866 postquam
497 2785 535 2837 ut
551 2770 690 2850 venisti,
712 2768 863 2837 securius
876 2768 1004 2862 jacent.
1030 2774 1033 2782 '

354 2890 463 2955 Lisso
482 2883 589 2950 dixit:
606 2883 759 2968 Erratis,
779 2885 838 2975 qui
856 2909 910 2952 me
929 2885 1056 2978 putatis
1078 2909 1195 2953 manus
1217 2910 1286 2953 nou
1305 2883 1364 2948 ha-

306 3001 408 3085 bere3
423 3000 531 3068 lilium
539 3000 656 3068 vocavi
670 3025 677 3065 :
690 2995 895 3086 ut‘intruvit,
911 3001 955 3070 sb
967 3001 1122 3070 adultero
1135 3002 1296 3070 salutatus
1306 3011 1361 3066 est.

354 3119 385 3184 F
387 3141 475 3184 oscus
495 3116 578 3185 dixit
595 3142 602 3180 :
619 3116 708 3198 Fili,
731 3132 822 3184 tuam
836 3115 961 3185 iidem!
981 3117 1141 3204 ostende,
1162 3135 1196 3186 te
1215 3121 1361 3209 integros

307 3257 425 3303 munus
441 3247 495 3301 me
512 3257 581 3301 non
598 3232 788 3326 perdidisse
805 3261 814 3302 t
831 3237 1096 3304 controversiam
1114 3235 1196 3303 mihi
1212 3235 1257 3305 de
1271 3251 1303 3303 te
1315 3229 1363 3298 le-

307 3352 355 3419 eit
371 3349 505 3418 adulter
519 3381 528 3437 3
543 3352 644 3435 veni,
664 3353 773 3419 utrius
790 3351 881 3420 filius
894 3354 957 3434 sis,
976 3350 1101 3421 indica.

353 3473 393 3538 P.
409 3471 561 3538 Vrrrcrns
577 3487 612 3537 et
628 3469 771 3563 pulchre
789 3467 873 3537 dixit
890 3495 898 3535 :
914 3484 949 3536 et
964 3493 1051 3539 nove
1078 3473 1219 3563 sumpsit
1243 3469 1286 3540 ab
1297 3487 1362 3534 om·

342 3729 361 3760 r.
371 3707 440 3758 'Jam
451 3709 536 3760 vitam
546 3709 589 3759 t'llr'
597 3725 648 3760 nott
658 3709 742 3760 debeo.
754 3707 814 3760 lro-
863 3705 999 3761 minimum
1021 3707 1079 3762 loedi
1098 3728 1156 3773 eos,
1179 3707 1274 3760 nedum
1289 3695 1363 3756 occidi

305 3785 362 3838 nius
381 3785 434 3838 htee
454 3796 527 3849 sunt,
547 3785 638 3855 quibus
657 3785 683 3837 id
706 3785 814 3838 maxims
863 3786 900 3836 sas
921 3798 964 3838 est.
985 3785 1044 3854 Quo
1064 3805 1092 3838 ex
1113 3799 1263 3858 xrgumento
1280 3775 1361 3856 pwiffl

305 3865 446 3918 insultatur
465 3878 538 3914 sensu
551 3863 692 3928 contrario,
706 3882 814 3934 quums
864 3876 943 3934 agunt
961 3875 985 3915 et
998 3863 1144 3935 gravissime
1165 3875 1287 3937 parentes.
1304 3851 1361 3906 Vl&

305 3941 450 4013 parentibus
462 3941 631 4012 acceperimus
642 3943 736 4009 vitam,
748 3941 815 3997 nihil
855 3940 972 4010 ¹Quintil.
986 3942 1090 3995 declam.
1106 3945 1129 3994 5.
1141 3940 1242 3994 Salute.

306 4039 358 4074 ests
375 4020 483 4084 liboris,
504 4019 571 4071 nilril
589 4019 728 4082 molestie,
748 4019 815 4074 nihil
897 4039 920 4071 s.
932 4019 1018 4074 Habet
1029 4023 1131 4090 aliquid
1142 4022 1263 4088 conuptr'.
1272 4016 1309 4067 De
1320 4009 1360 4061 l1⁰⁶

305 4117 422 4151 curarum
438 4111 462 4150 et
475 4095 567 4162 officii,
581 4097 650 4168 quod
667 4117 718 4148 non
731 4098 815 4150 sutri-
864 4098 897 4151 sd
912 4097 1157 4154 suasor.1.Sctutr.

306 4193 364 4244 pere
385 4195 428 4248 pro
451 4176 480 4231 iis
503 4175 646 4230 debssmos.
665 4176 749 4244 Quare
768 4195 814 4230 nec
897 4177 921 4228 3.
937 4175 1051 4249 Questus
1063 4177 1311 4246 sumrumsortuso-
1323 4163 1360 4218 ΕΙι
