2874 4808
174 395 178 400 ⁵
288 447 353 530 422
610 443 658 508 Μ.
684 441 829 507 nrum
852 437 1031 508 sannen

287 571 387 641 modo
406 585 503 664 poter
517 585 552 637 et
569 569 660 636 filius
679 569 768 636 inter
785 589 821 635 ae
838 566 1102 648 contenderant,
1126 547 1363 637 honestiorem

290 689 439 756 facturus
455 687 580 752 victum
599 698 677 750 nter
690 683 836 750 vicisset.
853 681 980 749 Dubito
998 679 1083 774 quid
1102 680 1235 750 faciam.
1248 680 1364 751 Tace?

290 803 350 872 sed
365 801 537 869 silentium
553 797 690 868 videtur
706 798 871 867 confessio
881 810 904 865 ¹.
924 800 1069 866 Narrem
1085 799 1229 867 virtutes
1245 800 1364 866 meas?

291 917 351 987 aed
364 916 449 985 illud
464 935 599 1009 quoque
614 939 738 984 novum
752 913 876 982 accidit
890 914 996 998 mihi,
1014 911 1107 1007 quod
1125 913 1186 982 uni
1200 911 1364 982 abdicato

292 1054 383 1102 meaa
398 1057 538 1102 narrare
556 1051 625 1101 non
650 1033 864 1101 concessit¹i²
882 1031 1035 1099 Processi
1056 1032 1094 1097 in
1116 1031 1225 1098 aciem
1247 1049 1365 1098 coram

292 1165 400 1243 patre.
422 1151 584 1230 Fortiter,
606 1149 737 1239 inquit,
763 1170 893 1240 pugna.
919 1150 1037 1241 Turpe
1057 1161 1108 1215 est
1124 1146 1363 1231 adolescenti,

293 1265 385 1330 vinci
399 1287 420 1330 a
432 1285 525 1330 aene.
545 1260 674 1330 Avidna
687 1285 759 1328 aum
781 1261 899 1354 gloriae
916 1286 924 1327 :
939 1259 1008 1329 hoe
1025 1261 1054 1327 ai
1072 1263 1195 1331 vitium
1210 1275 1280 1344 est,
1300 1286 1367 1356 pa-

294 1395 428 1446 ternum
444 1394 507 1445 eat.
529 1379 640 1446 Fortia
659 1401 732 1446 aum
755 1376 948 1469 :numquid
964 1375 1135 1469 improbae
1144 1429 1155 1463 ‚
1172 1380 1291 1470 pater?
1305 1394 1367 1445 aut

289 1496 361 1586 jam
372 1493 558 1574 abdicabis,
571 1487 602 1561 si
612 1495 684 1562 viro
697 1493 879 1562 fortissimo
890 1515 964 1560 sum
973 1491 1111 1561 fortior?
1119 1494 1237 1564 Dicam
1250 1509 1365 1562 tamen·

294 1610 468 1680 audacter.
490 1612 708 1678 Fortissimus
721 1633 812 1694 aum,
829 1632 894 1677 neo
914 1610 1017 1677 timeo
1035 1610 1073 1676 in
1091 1633 1131 1678 ea
1149 1610 1285 1679 civitate
1298 1609 1367 1680 hoc

296 1732 446 1813 crimen,
467 1731 503 1796 in
520 1754 586 1820 qna
604 1729 707 1797 fortes
724 1731 824 1797 etiam
846 1750 948 1796 aeneo
960 1728 1129 1797 novimus.

345 1848 434 1912 Jnnn
448 1845 550 1913 Bassi.
570 1844 623 1912 Ad
640 1861 673 1913 te
691 1867 827 1937 qnoque
841 1845 1036 1938 ignominiae
1049 1867 1132 1912 mem
1144 1867 1223 1937 para
1235 1843 1367 1914 redun-

298 1961 368 2028 dat.
389 1959 519 2028 Pudeat
533 1977 589 2045 te,
607 1977 715 2052 pater,
735 1962 762 2029 oi
776 1982 797 2028 a
814 1961 886 2028 filio
901 1957 1092 2028 abdicando
1109 1960 1221 2030 victos
1238 1985 1289 2030 es.

349 2078 803 2170 Annuu11Fosor.Ignoace,
827 2079 964 2169 juvenis
990 2079 1101 2143 erravi
1135 2105 1143 2145 z
1169 2076 1371 2146 ambitioaut

302 2215 372 2260 non
390 2216 467 2276 ero,
487 2217 592 2285 quum
610 2217 712 2262 senex
729 2195 839 2262 fuero.

350 2313 446 2380 Gran
459 2311 601 2380 Suoms.
618 2313 738 2380 Utrum
751 2327 850 2405 putas
859 2313 981 2382 vicisse
994 2313 1008 2380 Ρ
1023 2333 1086 2405 ego
1101 2313 1278 2406 premium
1294 2328 1374 2380 tan·

301 2446 371 2498 tum
385 2428 515 2515 liabeo,
528 2445 566 2497 tu
579 2444 613 2498 et
623 2431 819 2524 proemium,
833 2429 986 2499 etvirum
1001 2430 1134 2498 fortem.
1148 2429 1372 2499 Permittente

254 2559 257 2566 '
302 2537 393 2636 lege³
413 2543 515 2627 fecit,
536 2547 638 2612 immo
656 2547 691 2612 in
709 2543 826 2612 eedem
840 2567 878 2612 re
894 2561 928 2613 et
942 2543 1047 2614 habet
1060 2544 1193 2636 legem,
1209 2559 1244 2611 et
1259 2545 1370 2612 timet.

353 2703 532 2772 DIVISIO.
544 2700 724 2770 ***Contra
737 2704 785 2770 ait
803 2729 810 2768 :
827 2702 862 2771 Si
879 2703 964 2794 quid
982 2700 1166 2796 fecitquod
1181 2700 1371 2782 nonlicet,

305 2819 359 2886 lex
378 2814 565 2886 vindicabit
591 2845 599 2886 ε
628 2817 689 2884 aed
711 2811 879 2912 quidquid
897 2820 996 2904 licet,
1017 2843 1086 2887 non
1106 2833 1253 2911 oportet.
1273 2821 1375 2887 Pater

307 2958 376 3002 non
394 2933 550 3027 queritur
564 2931 606 3002 de
621 2935 748 3003 scelere
768 2935 850 3019 filii,
867 2936 927 3004 aed
946 2933 990 3004 de
1007 2936 1134 3004 officio.
1150 2932 1287 3004 Deinde
1299 2949 1376 3002 uta-

307 3101 395 3175 gloriae
403 3102 707 3176 redundabatadpatrem.
716 3103 814 3159 Schola
896 3105 921 3158 3.
929 3106 1095 3160 Pennittente
1103 3107 1164 3173 lego.
1173 3101 1316 3158 Indubinn
1323 3113 1374 3166 est,

295 3251 297 3258 X
344 3180 817 3250 1.Silentiumvideturconsessio.Jn·
865 3180 1376 3258 htcceareparteminitiidivirionir3qnod

312 3259 467 3312 ritccnsnitis
479 3260 506 3311 in
520 3280 562 3312 ore
574 3273 641 3312 naut
651 3259 716 3313 illud
727 3261 817 3316 Pauli:
865 3263 914 3318 fuit
923 3263 972 3314 hoc
985 3275 1027 3314 aut
1038 3261 1077 3314 illi
1097 3260 1262 3314 simillimum
1281 3278 1290 3315 z
1304 3261 1377 3312 Latro

310 3357 324 3386 o
335 3338 386 3406 Qui
403 3349 466 3390 tacet
482 3358 536 3392 non
550 3338 637 3408 utiquo
654 3341 744 3392 fatetur
755 3359 762 3393 ι
773 3340 819 3392 scd
866 3341 902 3394 ric
915 3340 999 3394 divisit
1008 3357 1015 3391 :
1025 3363 1039 3388 «ι
1050 3343 1091 3393 An
1101 3337 1167 3392 filins
1179 3339 1293 3393 abdicari
1302 3336 1379 3411 pouit

310 3427 394 3467 tamon
407 3435 494 3468 verum
507 3430 612 3469 osteum
625 3435 677 3469 non
692 3436 817 3489 negare.»
868 3431 968 3490 propter
978 3417 1041 3482 hoc,
1061 3417 1131 3488 quod
1150 3417 1312 3489 permittente
1324 3416 1379 3488 leg!

310 3493 372 3564 Dig'.
388 3494 420 3546 de
434 3513 487 3566 reg.
505 3493 553 3563 jur.
571 3494 626 3568 lege
641 3497 685 3559 ¹4²
701 3513 708 3547 ι
723 3494 820 3547 videet
868 3496 934 3549 iecit.
946 3495 1045 3560 Nemo,
1061 3493 1161 3564 inquit,
1174 3495 1203 3546 in
1215 3495 1308 3547 eadem
1318 3514 1345 3546 re
1356 3505 1380 3547 et

311 3571 434 3626 Pandam.
446 3572 490 3623 lib.
505 3573 594 3638 xnu,
613 3574 650 3625 tit.
670 3573 701 3625 de
715 3573 819 3626 confess.
868 3574 943 3627 habet
957 3573 1039 3644 legem
1053 3584 1077 3624 et
1089 3573 1170 3624 timet.
1184 3571 1283 3626 Contra
1295 3571 1333 3624 ait
1342 3589 1350 3623 ε
1359 3570 1381 3622 ri

313 3650 403 3702 Cicero
416 3649 493 3715 alibi,
505 3650 580 3702 Dum
588 3658 682 3712 lacent,
695 3653 820 3704 clamant.
869 3651 930 3722 qnid
947 3653 1016 3704 fecit.
1026 3671 1040 3699 n
1053 3649 1125 3703 Nihil
1136 3663 1240 3716 metuo,
1254 3669 1288 3703 ne
1301 3648 1382 3720 quid-

312 3727 409 3781 Sclrolt.
668 3748 672 3760 ¹
870 3749 947 3802 quam
958 3730 990 3782 do
1002 3729 1042 3782 his
1053 3747 1141 3781 errem.
1150 3728 1219 3782 Vide
1230 3727 1298 3781 mihi
1307 3747 1381 3800 qu-

348 3829 371 3868 2·
390 3807 468 3860 Meas
490 3827 599 3860 narrare
619 3827 671 3862 non
690 3810 820 3862 concessit.
868 3809 977 3862 ationem
998 3808 1152 3872 secundam,
1173 3807 1206 3858 nd
1227 3825 1306 3877 qoem
1329 3807 1381 3860 hat

315 3887 370 3939 Hac
383 3887 451 3938 enim
464 3905 504 3938 mc
517 3904 591 3938 causa
602 3885 740 3948 abdicavit,
752 3883 821 3954 quod
870 3887 939 3938 viam
949 3886 1045 3939 uetuit.
1055 3886 1165 3937 Tantum
1175 3903 1210 3936 an
1220 3885 1299 3936 huo
1315 3882 1382 3936 diri·

316 3963 507 4018 illasnarrande
520 3963 823 4028 effeci,ntvietordiace·
871 3963 942 4015 tione
963 3963 1009 4014 hac
1026 3962 1058 4012 rit
1076 3980 1151 4026 usus,
1174 3980 1220 4033 pro
1241 3971 1311 4012 certo
1330 3979 1380 4012 nor

317 4045 404 4096 derem
420 4065 432 4095 e
445 4041 550 4114 judicio.
563 4043 639 4094 Nunc.
648 4041 724 4112 igitur
737 4041 758 4091 si
770 4059 823 4092 rur·
871 4037 1006 4093 affirmem.
1017 4039 1119 4092 Credidi
1132 4051 1235 4104 tamen,
1245 4037 1308 4109 quia
1324 4037 1380 4110 pie-

316 4137 488 4181 susannem,
508 4117 678 4189 :nogionem
696 4117 823 4172 exacerba·
872 4137 979 4188 rumque
998 4118 1017 4170 is
1039 4117 1197 4189 loco'primo
1223 4115 1332 4178 dividit,
1357 4127 1379 4166 et

321 4213 388 4249 vero.
403 4195 499 4266 Sedult.
559 4238 563 4248 .
597 4237 600 4246 ,
669 4233 689 4256 ,,
874 4208 1007 4266 preterea,
1033 4195 1157 4265 quiahoc
1182 4195 1216 4249 ad
1238 4193 1374 4266 exemplum
