2878 4816
293 473 354 540 ιφ
432 517 434 520 ,
614 450 662 514 Μ.
687 445 833 515 tuum
856 399 1048 512 saraca

288 585 321 637 te
345 571 431 637 mori
451 568 552 638 volo?
576 569 676 636 immo
701 567 795 635 furor
818 583 916 651 tuus,
943 566 1001 633 illa
1018 591 1103 636 carna
1123 583 1157 636 et
1176 573 1364 640 temeraria

286 684 455 778 cupiditas
474 700 532 752 :et
553 685 644 752 inter
660 683 732 758 haec
748 698 846 775 pater
864 682 976 766 illius,
999 683 1059 773 qui
1078 683 1179 751 nimia
1195 687 1263 753 cito
1281 709 1365 754 exo-

287 817 380 869 ratus
410 804 472 868 eal.
501 800 619 891 Quare
647 815 712 867 tam
736 801 803 866 cito
824 819 926 866 senex
945 795 1004 866 ille
1022 800 1154 866 remisit
1171 800 1364 892 injuriam?

282 917 338 982 -Ne
361 914 512 981 tristiore
539 912 676 1005 quidem
703 903 798 980 vultu
821 924 1044 1002 expugnatam
1064 910 1142 979 fitiae
1158 912 1362 1004 pudicitiam

179 1082 182 1090 .
290 1031 388 1116 tulit3
409 1031 512 1097 timeo
530 1052 574 1096 ne
592 1051 710 1096 verum
725 1027 768 1094 ait
782 1026 873 1119 quod
891 1025 1006 1107 audio,
1028 1049 1072 1094 ne
1087 1049 1174 1094 novo
1187 1027 1362 1098 inaudito-

290 1170 358 1239 que
375 1169 471 1214 more
490 1143 532 1213 de
552 1145 682 1237 nuptiis
700 1142 822 1236 puellae
839 1156 995 1213 exoratus
1012 1142 1067 1210 ait.

339 1264 453 1330 Casan
470 1263 538 1329 Pu.
558 1259 638 1350 Quo
656 1258 777 1326 melina
800 1255 844 1324 de
867 1279 906 1323 re
923 1256 1080 1348 judicare
1102 1260 1255 1351 poeaitis,
1277 1285 1361 1329 nar-

291 1379 373 1446 rabo
391 1401 444 1446 me
462 1379 623 1468 juvenem
641 1374 768 1442 :habui
786 1388 916 1465 patrem
934 1395 1022 1440 tanae
1039 1377 1179 1462 mentis;
1206 1401 1271 1446 nee
1291 1394 1361 1448 tam

244 1577 247 1580 ,
292 1518 447 1563 severum
472 1492 625 1574 scilieet,
652 1507 691 1557 ut
712 1487 860 1557 crudelia
879 1503 987 1588 esset,
1008 1511 1072 1556 nec
1090 1506 1156 1557 tam
1173 1489 1363 1584 indulgen-

293 1629 380 1692 tem,
398 1626 437 1677 ut
452 1609 620 1676 incautus.
638 1607 726 1674 Duxi
743 1628 903 1684 uxorem,
922 1627 1023 1696 quam
1037 1620 1133 1697 pater
1141 1605 1289 1697 jusserat
1304 1627 1364 1678 :et

293 1744 404 1794 tamen
433 1725 627 1815 nuptiarum
654 1745 803 1790 mearum
840 1744 893 1788 me
930 1722 1101 1812 poenitet¹.
1130 1708 1222 1802 Fili,
1247 1749 1362 1796 nonne

294 1865 382 1933 aaepe
400 1837 590 1922 excandui,
609 1861 697 1931 aaepe
714 1825 955 1938 recunciliatua
973 1861 1065 1920 aum,
1087 1861 1172 1930 aaepe
1190 1841 1282 1930 quod
1299 1866 1364 1910 ne-

296 1978 451 2050 gaveram
466 1953 570 2022 dedi?
586 1956 663 2046 Ipae
681 1953 882 2045 dispensasti
900 1952 1038 2045 triginta
1054 1952 1126 2021 dies
1142 1980 1151 2020 ι
1167 1970 1206 2021 ut
1219 1953 1364 2024 haberet
1380 1991 1385 2005 -

295 2072 422 2164 primos
439 2093 534 2137 socer
544 2119 554 2153 ,
576 2067 706 2137 medios
724 2090 820 2152 reus,
840 2069 1039 2136 novissimos
1055 2084 1164 2161 pater.
1181 2073 1233 2138 Ne
1249 2074 1363 2140 omnia

296 2187 379 2253 vitia
392 2185 464 2277 ejus
475 2207 494 2251 a
507 2185 616 2276 prima
629 2181 856 2252 adolescentia
870 2198 1040 2275 repetam,
1054 2185 1220 2277 virginem
1233 2188 1360 2278 rapuit,

297 2316 427 2393 patrem
443 2316 588 2368 accusat.
609 2302 687 2368 Haec
704 2300 794 2368 intra
811 2287 957 2393 triginta‘
970 2297 1056 2367 dies.
1072 2301 1173 2366 Putaa
1189 2323 1243 2366 me
1259 2323 1366 2368 aceu-

298 2418 411 2486 aatori,
425 2418 686 2511 promissurum,
715 2416 807 2510 quod
827 2417 897 2483 fillo
921 2417 1066 2508 negavi?
1081 2416 1280 2509 Impetravi,
1304 2419 1365 2484 in-

299 2536 391 2622 quit,
411 2530 456 2599 ab
476 2531 534 2598 illo
553 2559 562 2598 ι
578 2531 637 2608 alii
660 2533 755 2601 aiunt
781 2530 875 2597 illum
902 2553 923 2596 a
947 2545 1002 2614 te,
1027 2529 1147 2596 mediis
1168 2553 1221 2598 me
1243 2529 1365 2598 diebus

209 2717 213 2721 .
299 2669 448 2716 accusat.
467 2648 622 2741 Rapuisti
636 2647 820 2740 virginem,
838 2669 942 2738 quum
959 2661 1027 2712 tam
1045 2644 1191 2712 libenter
1205 2646 1366 2714 viveret?

349 2764 490 2832 Annam
515 2765 613 2830 Fuscr
632 2787 752 2830 narare.
778 2764 919 2842 Moriar,
945 2762 1075 2854 inquit,
1094 2761 1276 2830 etiamnum
1292 2763 1365 2830 mi-

301 2879 393 2948 naria
412 2905 419 2945 ε
437 2876 587 2946 nondum
603 2901 715 2970 rogas.
733 2876 850 2968 Quid,
867 2878 999 2971 inquit,
1016 2879 1166 2971 rogabo?
1174 2879 1246 2971 jam
1258 2878 1368 2948 laaaut

302 3019 360 3074 ea,
389 2978 453 3061 nee
479 2991 586 3060 ullum
613 2991 725 3059 adhuc
751 2995 915 3085 rogasti'.
938 2997 1014 3061 Non
1041 3019 1174 3087 possum
1188 3044 1200 3080 ,
1226 2997 1364 3087 inquit,

302 3121 522 3174 exarmatam
542 3104 629 3173 diui
646 3107 739 3202 Nouo
760 3130 853 3174 more
874 3105 991 3198 objicit
1012 3105 1188 3176 dementiae
1201 3125 1368 3177 constan·
1396 3189 1404 3204 ,

301 3222 394 3288 tiam.
416 3217 538 3310 Quid?
561 3244 642 3314 ergo
666 3235 703 3288 tu
724 3221 852 3313 poterit
875 3220 991 3289 videre
1004 3203 1210 3291 'morientem
1229 3224 1366 3293 filium?

301 3333 440 3406 fortasse
456 3359 523 3404 non
538 3353 654 3430 potero
673 3364 681 3404 :
698 3353 732 3406 et
750 3335 827 3410 ideo
845 3339 985 3424 irascor,
1006 3337 1086 3406 dum
1103 3340 1197 3409 licet.

348 3457 490 3522 Ponrau
504 3455 648 3523 Suorn.
668 3457 748 3522 Haec
762 3451 903 3520 audacia
916 3453 989 3545 ejua
1004 3478 1044 3522 ex
1058 3470 1154 3547 parte
1165 3457 1272 3550 culpae
1282 3482 1366 3528 meae

302 3586 370 3652 eat,
391 3571 531 3638 nimium
549 3569 768 3664 indulgenter
784 3568 933 3637 nutritur
948 3584 998 3636 est
1022 3597 1029 3636 :
1055 3573 1168 3640 omnia
1185 3571 1251 3640 sibi
1268 3591 1367 3667 putat

300 3685 403 3754 licere
422 3711 429 3751 :
447 3708 510 3752 nec
528 3685 586 3754 ille
603 3709 751 3780 unquam
771 3707 824 3754 me
842 3685 988 3777 rogavit.
1003 3687 1154 3779 Ignovit,
1172 3689 1297 3780 inquit.
1313 3691 1366 3757 Ita

338 3906 357 3936 ι.
366 3885 527 3952 Nuptiamm
540 3903 659 3936 meamm
670 3905 711 3938 me
720 3888 807 3953 poeur'-
892 3901 915 3934 a.
928 3882 983 3936 Nec
993 3887 1077 3938 ullrrm
1087 3886 1173 3938 adhuc
1182 3889 1286 3955 rogasti.
1298 3887 1365 3939 Nem

300 3967 371 4014 nitet.
388 3960 460 4028 Quid
480 3979 564 4013 censet
584 3963 632 4014 tuis
657 3962 696 4014 lais
717 3959 809 4035 nuptiis
857 3972 953 4031 patrem
977 3961 1067 4034 puelle
1086 3963 1149 4017 adeo
1175 3977 1290 4036 rogatum
1311 3985 1366 4018 non

298 4039 428 4108 surarum,
441 4036 467 4089 in
479 4056 539 4108 quaa
553 4037 720 4110 imprudentia
730 4052 755 4090 et
763 4039 808 4111 ju·
858 4039 974 4091 concedit
983 4077 990 4106 ,
998 4053 1023 4092 ut
1032 4061 1099 4094 novo
1110 4061 1180 4095 more
1191 4043 1264 4104 velit,
1275 4041 1307 4094 ab
1317 4041 1365 4094 iate

297 4116 376 4168 vanili
394 4116 488 4188 impetu
507 4127 531 4166 te
543 4113 673 4186 conjicere
688 4115 806 4189 eoepitti?
855 4130 984 4171 exoratum
1003 4132 1141 4192 raptorem
1164 4120 1300 4192 quodiam
1320 4119 1364 4172 di-

296 4191 393 4247 Scltult.
854 4207 935 4261 ctum,
947 4195 1362 4270 redhicimprimlteogitandnm.
