2874 4768
290 435 522 504 EXCERPTA
545 439 705 506 CONTR.
732 441 918 525 LlB.V11‚
945 443 976 509 3.
1101 445 1162 534 571

93 563 313 633 defenderat.
343 566 392 632 lta
419 578 476 647 tu,
498 567 628 658 Popili,
652 569 680 633 si
696 568 1043 662 Antoniusjussisset‚
1060 589 1093 640 et
1107 597 1166 665 pa-

94 698 188 750 trem
207 679 400 750 occidisses.

147 845 261 913 PARS
274 844 465 912 ALTERA.
482 845 518 914 Si
531 844 590 913 illa
605 860 754 939 tempora
765 849 802 914 in
814 848 943 916 crimen
954 870 1065 932 vocas,
1081 849 1167 920 dicis

1 1042 5 1050 Ι
94 987 171 1030 non
185 962 228 1030 de
242 959 411 1042 hominis,
434 957 494 1028 sed
507 959 550 1029 de
568 962 765 1056 reipublicae
785 964 948 1031 moribus.
968 967 1121 1051 Miraris,
1138 968 1167 1035 si

95 1103 140 1146 eo
158 1095 309 1169 tempore
331 1099 467 1145 necesse
494 1077 559 1144 fuit
581 1079 713 1171 Popilio
738 1079 913 1161 occidere,
930 1103 999 1172 quo
1011 1082 1167 1149 Ciceroni

94 1195 187 1264 mori
198 1196 212 1260 t
224 1194 399 1261 Ciceronis
416 1195 619 1287 proscriptio
638 1195 719 1279 luit,
737 1194 846 1263 occidi
864 1223 871 1263 :
889 1219 979 1280 mea,
996 1197 1164 1266 occidere.

93 1311 205 1380 tussit
222 1309 418 1401 imperator,
438 1311 539 1401 jussit
554 1311 673 1378 vietor.
689 1314 761 1403 Ego
776 1309 825 1377 illi
841 1335 966 1404 negare
980 1310 1166 1404 quidquam

92 1449 252 1520 pomam,
267 1426 322 1492 cui
336 1423 423 1492 nihil
438 1450 562 1518 negare
575 1443 707 1520 poterat
718 1425 932 1521 respublica?

148 1599 320 1668 EXTRA.
342 1600 511 1694 Popilium
531 1603 629 1694 pauci
651 1624 691 1667 ex
709 1571 880 1669 historicis
894 1598 1107 1669 tradiderunt
1119 1601 1169 1667 in·

96 1718 315 1788 terfectorem
328 1718 503 1785 Ciceronis
519 1745 527 1784 z
541 1733 575 1784 et
588 1719 624 1783 hi
637 1741 774 1809 quoque
786 1741 854 1784 non
868 1715 1042 1810 parricidii
1057 1739 1165 1798 reum,

96 1858 118 1900 a
131 1832 300 1899 Cicerone
314 1828 489 1898 defensum
508 1859 517 1916 3
535 1827 594 1897 setl
608 1831 644 1896 in
657 1832 788 1922 privato
797 1829 942 1922 judicio.

359 2153 784 2242 DECLAMATIO
814 2154 905 2240 lll.

240 2363 318 2412 TER
350 2361 587 2412 anntctrus
621 2361 823 2410 vurturtutt
856 2361 1029 2412 Tannus-

97 2534 158 2594 Ter
177 2533 338 2604 abdicatum,
356 2544 400 2594 tor
418 2527 580 2604 absoluta,
606 2533 817 2613 comprehensus
836 2543 879 2593 est
899 2534 928 2592 in
948 2543 1055 2594 secreto
1071 2533 1170 2594 ᾰοιηω

135 2645 221 2715 porte
230 2657 249 2694 o
259 2644 357 2714 patra,
371 2635 601 2724 medicamentum
612 2645 720 2712 tersum
735 2633 917 2710 ouemgatm
928 2632 996 2714 quid
1007 2642 1092 2702 esset.
1108 2634 1165 2701 ut't,

138 2753 286 2804 venem,
305 2733 372 2793 celle
387 2753 417 2792 se
430 2733 505 2793 mon⁰
511 2777 519 2805 ,
537 2743 566 2792 et
577 2729 691 2810 esfirdit.
707 2728 866 2792 Accusatur
875 2727 1032 2810 porncsdii.

329 2919 334 2930 ⁶
445 2905 495 2971 (Ex
507 2902 673 2966 Controv.‚3‚
688 2904 734 2954 lib.
751 2903 821 2970 vu.)

150 3052 455 3122 DECLAMATIO.
483 3051 547 3120 Dic
570 3051 653 3143 quid
676 3050 924 3133 commiserim,
954 3072 1019 3118 nec
1039 3065 1168 3117 secreta
1228 3065 1235 3072 ·

96 3169 235 3240 fallunt.
268 3171 313 3238 Ut
339 3167 523 3238 intervenit
544 3182 654 3261 pater,
681 3168 718 3234 in
742 3168 804 3234 has
826 3167 1047 3260 cogitationes
1062 3165 1166 3257 abii:

94 3285 335 3377 Quisquamne
354 3298 423 3381 tam
441 3281 558 3350 infelix
570 3281 654 3363 luit,
671 3283 893 3372 quisquamne
909 3304 962 3348 me
977 3280 1083 3373 magis
1095 3279 1168 3347 odit

94 3424 201 3494 quam
218 3401 308 3492 ego?
322 3399 480 3468 Misereri
495 3398 560 3465 mei
576 3399 675 3491 ooepi.
691 3399 761 3464 Ter
774 3418 906 3464 causam
921 3393 1004 3462 dixi.
1020 3395 1169 3467 Accessit

95 3515 145 3584 ad
161 3515 234 3583 haec
253 3514 418 3607 supplicia
441 3536 514 3581 mea
534 3536 714 3580 venenum.
731 3513 866 3594 Vivam,
888 3511 917 3578 si
939 3533 1002 3577 nec
1023 3509 1088 3578 hoc
1106 3509 1169 3578 tibi

96 3633 182 3700 satis
203 3646 266 3698 est.
296 3629 421 3698 Habuit
444 3651 613 3698 venenum
637 3625 875 3706 Mithridates,
902 3625 1024 3693 habuit
1045 3627 1170 3695 Demo-

97 3746 250 3818 sthenes.

150 3923 263 3994 PARS
279 3925 471 3994 ALTERA.
492 3925 605 4018 Quum
620 3949 655 3992 sc
668 3871 753 3993 mori
771 3922 859 3992 vell'e
871 3921 978 4001 dicat,
997 3922 1096 3986 vitum
1118 3943 1175 3988 ro-

100 4055 171 4136 gat.
192 4043 309 4108 Teneo
323 4039 545 4134 parricidam,
566 4042 665 4109 etiam
682 4043 825 4144 insuam
842 4053 983 4106 mortem
999 4051 1165 4128 paratum.

100 4157 277 4250 Quantum
290 4173 346 4227 est
361 4157 450 4249 quod
464 4181 566 4249 negas
574 4206 585 4243 ,
603 4182 707 4250 quum
722 4172 849 4226 tantum
869 4157 912 4224 sit
926 4153 1018 4246 quod
1032 4153 1174 4221 lateris?
