2874 4768
242 455 472 526 axonam
497 457 764 541 conanus.
790 461 858 546 rx,
885 493 910 528 ι.
1046 466 1108 552 ⁵95

53 589 236 660 rhetorici¹
266 601 300 653 et
324 599 430 677 poetoe
452 584 594 652 Romani
617 607 637 649 a
657 584 783 652 Graecis
801 583 905 652 dictas
925 608 992 652 non
1008 593 1112 656 surri-

54 718 222 799 puerunt,
240 701 301 769 sed
311 715 345 767 et
355 713 637 792 provocaverunt.
647 696 858 790 Thucydidis
867 702 1029 768 sententia
1039 720 1110 772 est:

57 815 162 890 Asncd
175 813 234 910 udo
252 810 461 909 olobrrpofilot
475 811 645 907 σιηκρύψσι
660 812 709 883 καὶ
727 814 889 885 συσκιάσαι
910 811 954 885 τὰ
975 815 1113 890 ἑκάστων
1173 843 1178 852 “

55 931 279 1028 &topatius-a
294 927 470 996 Sallustius
488 953 496 992 :
512 929 580 994 llos
593 925 747 994 secundae
762 929 846 996 mire
860 944 937 996 sunt
949 931 1039 1000 vitiis
1054 935 1117 1001 ob-

57 1051 182 1116 tentui.
197 1049 254 1115 Sic
266 1068 370 1134 quum
384 1043 428 1111 sit
437 1043 606 1134 praecipua
619 1044 657 1109 in
669 1043 871 1134 Thucydide
883 1047 990 1113 virtus
1002 1047 1116 1117 brevi·
1144 1101 1147 1108 .

58 1179 125 1244 tas,
143 1161 207 1230 bac
223 1184 299 1228 enm
319 1158 495 1227 Sallustius
511 1159 612 1239 vicit,
637 1172 669 1225 et
691 1159 727 1224 in
741 1159 816 1240 'suis
837 1181 910 1225 cum
927 1141 1115 1232 castris'oe·

60 1275 156 1344 cidit.
186 1278 270 1344 Nam
296 1276 331 1340 in
358 1274 522 1341 sententia
540 1276 659 1340 Graeca
684 1290 750 1342 tam
774 1273 869 1341 brevi
894 1273 1015 1356 habes,
1044 1301 1119 1369 quae

61 1393 152 1462 salvo
169 1414 268 1459 sensu
282 1389 456 1475 detrabss3
476 1389 572 1456 deme
590 1389 644 1455 vel
663 1387 855 1484 συγιφόψαι,
873 1390 930 1461 vel
944 1393 1116 1464 συσκιάσαι·

62 1509 161 1577 deme
182 1501 333 1591 tatem,
350 1505 516 1572 constabit
534 1527 668 1584 sensus,
685 1507 896 1572 etiamsinon
917 1530 1012 1598 aeque
1030 1533 1119 1577 com-

63 1640 154 1716 ptus,
170 1645 266 1713 eque
281 1637 391 1688 umen
405 1622 548 1711 integer.
563 1621 607 1687 At
620 1643 661 1687 ex
674 1620 823 1688 Sallustii
836 1625 1018 1704 sententia,
1035 1624 1122 1694 nibil
1139 1691 1141 1698 ,

64 1739 152 1808 demi
177 1739 250 1806 sine
267 1736 470 1804 detrimento
485 1757 601 1802 sensus
617 1751 738 1826 potest.
759 1736 858 1803 Titus
878 1751 988 1804 autem
1006 1740 1122 1810 Livius

66 1874 129 1923 tam
144 1854 283 1945 iniquus
299 1849 455 1920 Sallustio
469 1851 554 1934 fuit,
570 1866 608 1917 ut
625 1851 712 1917 hanc
727 1853 832 1942 ipsam
847 1855 1045 1923 sententiam
1061 1907 1069 1937 ‚
1086 1875 1120 1925 et

67 1987 225 2062 tanquam
240 1965 455 2049 translatam,
476 1982 511 2032 ct
532 1982 743 2059 corruptam,
766 1963 844 2032 dum
867 1967 1117 2058 transferretur,

67 2085 229 2178 objiceret
238 2081 395 2150 Sallustio
415 2106 423 2144 ι
440 2103 504 2147 nec
517 2103 630 2147 amore
641 2079 852 2170 Thucydidis
867 2080 956 2162 lacit,
974 2085 1118 2154 utillum

68 2201 241 2292 proferat,
261 2195 320 2265 sed
334 2195 463 2279 laudat,
486 2220 585 2286 quem
608 2219 675 2263 non
698 2195 815 2262 timet:
833 2197 1008 2268 etfacilius
1029 2220 1122 2294 putat

69 2337 145 2379 ase
170 2335 267 2401 posse
294 2307 489 2376 Sallustium
511 2309 618 2388 vinci,
642 2308 670 2373 si
693 2324 769 2374 ante
790 2307 1027 2398 aThucydide
1046 2316 1123 2382 vin·
1147 2311 1157 2324 ⁵

70 2444 176 2494 catur.

104 2651 123 2683 r.
142 2627 248 2682 Multas
272 2630 422 2698 questiones
451 2625 571 2678 rhetorici.
620 2623 709 2675 Muto
720 2641 765 2673 om
773 2625 841 2688 (cunr
851 2622 949 2696 virgula
958 2629 1119 2699 superposita,

73 2708 140 2776 Quas
170 2705 346 2776 coactiones?
367 2702 411 2772 qui
433 2701 572 2755 rhetorici?
621 2699 690 2770 quasi
707 2699 782 2762 velit,
795 2701 893 2766 oratio)
910 2706 1022 2756 mstorics'
1038 2719 1120 2772 poeta
1144 2711 1147 2718 '

72 2784 223 2838 Membrana
234 2783 305 2835 Voss.
324 2781 412 2834 Multa
425 2781 536 2843 lucrati,
550 2791 574 2830 st
622 2781 745 2832 Bouiani.
760 2780 829 2851 Ergo
846 2779 925 2832 scriba
939 2800 945 2833 :
957 2781 1046 2834 Multo
1055 2805 1122 2837 om-

73 2877 127 2913 mox
134 2863 219 2924 dicto,
231 2877 284 2912 non
291 2862 381 2911 dictos.
390 2856 474 2909 Scribe
483 2855 574 2928 igitur:
622 2867 695 2918 tores,
708 2855 830 2918 ltae'slorics‘,
841 2866 923 2924 poeta
933 2853 1061 2924 noman,
1075 2873 1121 2914 ste.

73 2938 161 2992 Multa
182 2940 295 2990 historici
310 2947 335 2988 et
353 2945 435 3004 poeta
458 2933 576 2986 Romani
624 2931 867 3004 Gronon-Atquc
881 2934 916 2986 ia
929 2934 1035 2990 omnino
1053 2938 1123 2992 dedit

73 3035 91 3066 σ
106 3018 206 3069 Groecr's
225 3015 295 3067 dicta
313 3033 364 3064 non
382 3013 572 3080 surripuerunt,
623 3007 728 3082 edBip.
740 3011 780 3062 Dc
798 3009 1016 3065 Graecasrntcntis
1035 3015 1121 3066 confer

75 3094 118 3142 red
136 3103 162 3145 et
181 3097 383 3158 provocaverunt.
414 3091 447 3138 At
473 3083 575 3158 lingon.
623 3078 920 3156 notaltoprapdddsq.
954 3135 957 3143 ,
