<?xml version="1.0" encoding="UTF-8"?>
<!DOCTYPE html PUBLIC "-//W3C//DTD XHTML 1.0 Transitional//EN"
    "http://www.w3.org/TR/xhtml1/DTD/xhtml1-transitional.dtd">
<html xmlns="http://www.w3.org/1999/xhtml" xml:lang="en" lang="en">
 <head>
  <title>
</title>
<meta http-equiv="Content-Type" content="text/html;charset=utf-8" />
  <meta name='ocr-system' content='tesseract 3.04.00' />
  <meta name='ocr-capabilities' content='ocr_page ocr_carea ocr_par ocr_line ocrx_word'/>
</head>
<body>
  <div class='ocr_page' id='page_1' title='image "./lannsenecparspr00bouigoog_0190.png"; bbox 0 0 2878 4816; ppageno 0'>
   <div class='ocr_carea' id='block_1_1' title="bbox 273 477 1421 3616">
    <p class='ocr_par' dir='ltr' id='par_1_1' title="bbox 273 477 1421 3616">
     <span class='ocr_line' id='line_1_1' title="bbox 325 477 1065 574; baseline -0.007 -22"><span class='ocrx_word' id='word_1_1' title='bbox 325 489 386 574; x_wconf 84' lang='lat'>178</span> <span class='ocrx_word' id='word_1_2' title='bbox 644 483 690 546; x_wconf 91' lang='lat' dir='ltr'>M.</span> <span class='ocrx_word' id='word_1_3' title='bbox 718 479 861 546; x_wconf 85' lang='lat' dir='ltr'><strong>ANNAEI</strong></span> <span class='ocrx_word' id='word_1_4' title='bbox 884 477 1065 547; x_wconf 80' lang='lat' dir='ltr'>SENECAE</span> 
     </span>
     <span class='ocr_line' id='line_1_2' title="bbox 273 605 1391 702; baseline -0.005 -24"><span class='ocrx_word' id='word_1_5' title='bbox 273 697 275 702; x_wconf 23' lang='grc' dir='ltr'>Ι</span> <span class='ocrx_word' id='word_1_6' title='bbox 320 631 434 678; x_wconf 84' lang='lat' dir='ltr'>omnes</span> <span class='ocrx_word' id='word_1_7' title='bbox 452 606 627 701; x_wconf 78' lang='lat' dir='ltr'><strong>potiones,</strong></span> <span class='ocrx_word' id='word_1_8' title='bbox 645 608 745 673; x_wconf 84' lang='lat' dir='ltr'>trium</span> <span class='ocrx_word' id='word_1_9' title='bbox 759 605 955 698; x_wconf 75' lang='lat' dir='ltr'>pmdagogia</span> <span class='ocrx_word' id='word_1_10' title='bbox 970 609 977 646; x_wconf 78' lang='lat'>¹</span> <span class='ocrx_word' id='word_1_11' title='bbox 993 635 1003 690; x_wconf 91' lang='lat'>·,</span> <span class='ocrx_word' id='word_1_12' title='bbox 1020 625 1060 672; x_wconf 78' lang='lat' dir='ltr'>ets</span> <span class='ocrx_word' id='word_1_13' title='bbox 1076 606 1143 672; x_wconf 87' lang='lat' dir='ltr'>illis</span> <span class='ocrx_word' id='word_1_14' title='bbox 1161 606 1319 674; x_wconf 76' lang='lat' dir='ltr'>occidam</span> <span class='ocrx_word' id='word_1_15' title='bbox 1339 629 1391 672; x_wconf 86' lang='lat' dir='ltr'>me</span> 
     </span>
     <span class='ocr_line' id='line_1_3' title="bbox 318 719 1394 813; baseline -0.006 -21"><span class='ocrx_word' id='word_1_16' title='bbox 318 725 426 806; x_wconf 79' lang='lat' dir='ltr'>volet,</span> <span class='ocrx_word' id='word_1_17' title='bbox 445 721 622 813; x_wconf 87' lang='lat' dir='ltr'>quisquis²</span> <span class='ocrx_word' id='word_1_18' title='bbox 640 719 885 812; x_wconf 71' lang='lat' dir='ltr'>frugalissimus</span> <span class='ocrx_word' id='word_1_19' title='bbox 898 720 1014 791; x_wconf 82' lang='lat' dir='ltr'>luerit.</span> <span class='ocrx_word' id='word_1_20' title='bbox 1032 723 1106 788; x_wconf 85' lang='lat' dir='ltr'>Non</span> <span class='ocrx_word' id='word_1_21' title='bbox 1121 741 1290 788; x_wconf 74' lang='lat' dir='ltr'>venenum</span> <span class='ocrx_word' id='word_1_22' title='bbox 1308 743 1394 812; x_wconf 86' lang='lat' dir='ltr'>pau-</span> 
     </span>
     <span class='ocr_line' id='line_1_4' title="bbox 316 835 1389 934; baseline -0.005 -25"><span class='ocrx_word' id='word_1_23' title='bbox 316 862 416 934; x_wconf 79' lang='lat' dir='ltr'>peret</span> <span class='ocrx_word' id='word_1_24' title='bbox 441 841 580 918; x_wconf 87' lang='lat' dir='ltr'>timent,</span> <span class='ocrx_word' id='word_1_25' title='bbox 610 859 678 904; x_wconf 89' lang='lat' dir='ltr'>non</span> <span class='ocrx_word' id='word_1_26' title='bbox 706 835 894 903; x_wconf 87' lang='lat' dir='ltr'>heredem:</span> <span class='ocrx_word' id='word_1_27' title='bbox 914 835 1027 906; x_wconf 81' lang='lat' dir='ltr'>adhue</span> <span class='ocrx_word' id='word_1_28' title='bbox 1051 859 1115 906; x_wconf 82' lang='lat' dir='ltr'>nee</span> <span class='ocrx_word' id='word_1_29' title='bbox 1137 837 1389 909; x_wconf 79' lang='lat' dir='ltr'>abdicationem</span> 
     </span>
     <span class='ocr_line' id='line_1_5' title="bbox 314 943 949 1026; baseline 0.005 -3"><span class='ocrx_word' id='word_1_30' title='bbox 314 957 529 1024; x_wconf 82' lang='lat' dir='ltr'>timebamus.</span> <span class='ocrx_word' id='word_1_31' title='bbox 728 943 730 947; x_wconf 48' lang='grc'>’</span> <span class='ocrx_word' id='word_1_32' title='bbox 946 1019 949 1026; x_wconf 19' lang='grc' dir='ltr'><strong>Δ</strong></span> 
     </span>
     <span class='ocr_line' id='line_1_6' title="bbox 362 1065 1387 1162; baseline -0.005 -24"><span class='ocrx_word' id='word_1_33' title='bbox 362 1071 442 1139; x_wconf 77' lang='lat' dir='ltr'>Suo</span> <span class='ocrx_word' id='word_1_34' title='bbox 454 1072 622 1137; x_wconf 80' lang='lat' dir='ltr'>Pnurems</span> <span class='ocrx_word' id='word_1_35' title='bbox 637 1067 696 1134; x_wconf 91' lang='lat' dir='ltr'>illo</span> <span class='ocrx_word' id='word_1_36' title='bbox 709 1065 821 1134; x_wconf 77' lang='lat' dir='ltr'>colore</span> <span class='ocrx_word' id='word_1_37' title='bbox 835 1067 922 1157; x_wconf 78' lang='lat' dir='ltr'>egit:</span> <span class='ocrx_word' id='word_1_38' title='bbox 936 1068 1042 1136; x_wconf 86' lang='lat' dir='ltr'>Nemo</span> <span class='ocrx_word' id='word_1_39' title='bbox 1056 1067 1105 1135; x_wconf 89' lang='lat' dir='ltr'>illi</span> <span class='ocrx_word' id='word_1_40' title='bbox 1116 1068 1251 1162; x_wconf 85' lang='lat' dir='ltr'>plaeere</span> <span class='ocrx_word' id='word_1_41' title='bbox 1261 1081 1387 1161; x_wconf 85' lang='lat' dir='ltr'>potest.</span> 
     </span>
     <span class='ocr_line' id='line_1_7' title="bbox 313 1183 1389 1279; baseline -0.002 -25"><span class='ocrx_word' id='word_1_42' title='bbox 313 1190 363 1254; x_wconf 88' lang='lat' dir='ltr'>Ne</span> <span class='ocrx_word' id='word_1_43' title='bbox 381 1187 418 1254; x_wconf 87' lang='lat' dir='ltr'>io</span> <span class='ocrx_word' id='word_1_44' title='bbox 431 1189 497 1255; x_wconf 89' lang='lat' dir='ltr'>boc</span> <span class='ocrx_word' id='word_1_45' title='bbox 509 1184 646 1279; x_wconf 86' lang='lat' dir='ltr'>quidem</span> <span class='ocrx_word' id='word_1_46' title='bbox 660 1185 807 1275; x_wconf 84' lang='lat' dir='ltr'>aliquem</span> <span class='ocrx_word' id='word_1_47' title='bbox 829 1185 990 1266; x_wconf 83' lang='lat' dir='ltr'>retinuit,</span> <span class='ocrx_word' id='word_1_48' title='bbox 1009 1201 1048 1252; x_wconf 90' lang='lat' dir='ltr'>ut</span> <span class='ocrx_word' id='word_1_49' title='bbox 1067 1209 1135 1254; x_wconf 90' lang='lat' dir='ltr'>non</span> <span class='ocrx_word' id='word_1_50' title='bbox 1152 1209 1270 1254; x_wconf 84' lang='lat' dir='ltr'>omnes</span> <span class='ocrx_word' id='word_1_51' title='bbox 1285 1183 1389 1253; x_wconf 87' lang='lat' dir='ltr'>abdi-</span> 
     </span>
     <span class='ocr_line' id='line_1_8' title="bbox 313 1298 1385 1389; baseline -0.002 -21"><span class='ocrx_word' id='word_1_52' title='bbox 313 1315 418 1369; x_wconf 69' lang='lat' dir='ltr'>caret</span> <span class='ocrx_word' id='word_1_53' title='bbox 437 1304 524 1368; x_wconf 79' lang='lat' dir='ltr'>ane</span> <span class='ocrx_word' id='word_1_54' title='bbox 539 1323 648 1384; x_wconf 90' lang='lat' dir='ltr'>nunc,</span> <span class='ocrx_word' id='word_1_55' title='bbox 669 1298 801 1389; x_wconf 87' lang='lat' dir='ltr'>inquit,</span> <span class='ocrx_word' id='word_1_56' title='bbox 829 1299 961 1366; x_wconf 84' lang='lat' dir='ltr'>invenit</span> <span class='ocrx_word' id='word_1_57' title='bbox 973 1322 1094 1368; x_wconf 87' lang='lat' dir='ltr'>novam</span> <span class='ocrx_word' id='word_1_58' title='bbox 1108 1299 1385 1380; x_wconf 79' lang='lat' dir='ltr'>abdicationem,</span> 
     </span>
     <span class='ocr_line' id='line_1_9' title="bbox 313 1413 1389 1507; baseline -0.004 -23"><span class='ocrx_word' id='word_1_59' title='bbox 313 1441 355 1484; x_wconf 86' lang='lat' dir='ltr'>ne</span> <span class='ocrx_word' id='word_1_60' title='bbox 367 1414 504 1507; x_wconf 89' lang='lat' dir='ltr'>quidde</span> <span class='ocrx_word' id='word_1_61' title='bbox 515 1414 629 1483; x_wconf 89' lang='lat' dir='ltr'>reditu</span> <span class='ocrx_word' id='word_1_62' title='bbox 642 1437 778 1506; x_wconf 86' lang='lat' dir='ltr'>sperare</span> <span class='ocrx_word' id='word_1_63' title='bbox 793 1429 942 1505; x_wconf 71' lang='lat' dir='ltr'>possent.</span> <span class='ocrx_word' id='word_1_64' title='bbox 958 1415 1002 1480; x_wconf 90' lang='lat' dir='ltr'>Et</span> <span class='ocrx_word' id='word_1_65' title='bbox 1012 1437 1116 1506; x_wconf 90' lang='lat' dir='ltr'>quum</span> <span class='ocrx_word' id='word_1_66' title='bbox 1129 1413 1232 1482; x_wconf 88' lang='lat' dir='ltr'>multa</span> <span class='ocrx_word' id='word_1_67' title='bbox 1245 1413 1389 1492; x_wconf 77' lang='lat' dir='ltr'>dixisset</span> 
     </span>
     <span class='ocr_line' id='line_1_10' title="bbox 310 1519 1384 1618; baseline 0 -22"><span class='ocrx_word' id='word_1_68' title='bbox 310 1531 346 1598; x_wconf 89' lang='lat' dir='ltr'>in</span> <span class='ocrx_word' id='word_1_69' title='bbox 365 1527 524 1611; x_wconf 84' lang='lat' dir='ltr'>divitem,</span> <span class='ocrx_word' id='word_1_70' title='bbox 547 1519 632 1596; x_wconf 81' lang='lat' dir='ltr'>dixit</span> <span class='ocrx_word' id='word_1_71' title='bbox 648 1553 656 1594; x_wconf 77' lang='lat' dir='ltr'><strong><em>z</em></strong></span> <span class='ocrx_word' id='word_1_72' title='bbox 672 1529 747 1594; x_wconf 84' lang='lat' dir='ltr'>Non</span> <span class='ocrx_word' id='word_1_73' title='bbox 762 1543 813 1594; x_wconf 85' lang='lat' dir='ltr'>est</span> <span class='ocrx_word' id='word_1_74' title='bbox 834 1527 928 1618; x_wconf 89' lang='lat' dir='ltr'>quod</span> <span class='ocrx_word' id='word_1_75' title='bbox 945 1529 1080 1598; x_wconf 83' lang='lat' dir='ltr'>mireris</span> <span class='ocrx_word' id='word_1_76' title='bbox 1106 1530 1134 1596; x_wconf 82' lang='lat' dir='ltr'>ai</span> <span class='ocrx_word' id='word_1_77' title='bbox 1161 1527 1384 1609; x_wconf 79' lang='lat' dir='ltr'>tenderunt,</span> 
     </span>
     <span class='ocr_line' id='line_1_11' title="bbox 310 1633 1387 1738; baseline 0.001 -25"><span class='ocrx_word' id='word_1_78' title='bbox 310 1657 397 1738; x_wconf 77' lang='lat' dir='ltr'>quos‘</span> <span class='ocrx_word' id='word_1_79' title='bbox 410 1633 587 1713; x_wconf 85' lang='lat' dir='ltr'>abdicasti.</span> <span class='ocrx_word' id='word_1_80' title='bbox 612 1644 766 1711; x_wconf 87' lang='lat' dir='ltr'>Colorem</span> <span class='ocrx_word' id='word_1_81' title='bbox 791 1668 811 1711; x_wconf 84' lang='lat' dir='ltr'>a</span> <span class='ocrx_word' id='word_1_82' title='bbox 838 1659 934 1736; x_wconf 85' lang='lat' dir='ltr'>parte</span> <span class='ocrx_word' id='word_1_83' title='bbox 960 1647 1066 1738; x_wconf 81' lang='lat' dir='ltr'>patria</span> <span class='ocrx_word' id='word_1_84' title='bbox 1091 1645 1215 1738; x_wconf 87' lang='lat' dir='ltr'>aliquis</span> <span class='ocrx_word' id='word_1_85' title='bbox 1238 1671 1303 1714; x_wconf 82' lang='lat' dir='ltr'>eur</span> <span class='ocrx_word' id='word_1_86' title='bbox 1327 1647 1387 1714; x_wconf 90' lang='lat' dir='ltr'>bie</span> 
     </span>
     <span class='ocr_line' id='line_1_12' title="bbox 309 1759 1387 1858; baseline 0.002 -26"><span class='ocrx_word' id='word_1_87' title='bbox 309 1762 506 1834; x_wconf 71' lang='lat' dir='ltr'>desideret?</span> <span class='ocrx_word' id='word_1_88' title='bbox 528 1759 678 1854; x_wconf 87' lang='lat' dir='ltr'>Quidam</span> <span class='ocrx_word' id='word_1_89' title='bbox 705 1763 881 1846; x_wconf 87' lang='lat' dir='ltr'>dixerunt,</span> <span class='ocrx_word' id='word_1_90' title='bbox 908 1781 1036 1857; x_wconf 85' lang='lat' dir='ltr'>patrem</span> <span class='ocrx_word' id='word_1_91' title='bbox 1061 1766 1222 1858; x_wconf 85' lang='lat' dir='ltr'>cupidum</span> <span class='ocrx_word' id='word_1_92' title='bbox 1246 1766 1387 1834; x_wconf 77' lang='lat' dir='ltr'>divitia-</span> 
     </span>
     <span class='ocr_line' id='line_1_13' title="bbox 307 1875 1379 1974; baseline 0.005 -32"><span class='ocrx_word' id='word_1_93' title='bbox 307 1897 401 1961; x_wconf 83' lang='lat' dir='ltr'>rum,</span> <span class='ocrx_word' id='word_1_94' title='bbox 424 1876 516 1968; x_wconf 92' lang='lat' dir='ltr'>quod</span> <span class='ocrx_word' id='word_1_95' title='bbox 537 1875 742 1944; x_wconf 88' lang='lat' dir='ltr'>invidiosum</span> <span class='ocrx_word' id='word_1_96' title='bbox 767 1894 838 1960; x_wconf 84' lang='lat' dir='ltr'>est,</span> <span class='ocrx_word' id='word_1_97' title='bbox 855 1879 900 1944; x_wconf 89' lang='lat' dir='ltr'>&#39;in</span> <span class='ocrx_word' id='word_1_98' title='bbox 924 1880 991 1947; x_wconf 88' lang='lat' dir='ltr'>hoe</span> <span class='ocrx_word' id='word_1_99' title='bbox 1008 1903 1106 1948; x_wconf 80' lang='lat' dir='ltr'>usum</span> <span class='ocrx_word' id='word_1_100' title='bbox 1125 1907 1132 1947; x_wconf 92' lang='lat'>:</span> <span class='ocrx_word' id='word_1_101' title='bbox 1152 1878 1289 1974; x_wconf 88' lang='lat' dir='ltr'>quidam</span> <span class='ocrx_word' id='word_1_102' title='bbox 1311 1883 1379 1960; x_wconf 87' lang='lat' dir='ltr'>ita,</span> 
     </span>
     <span class='ocr_line' id='line_1_14' title="bbox 307 1985 1060 2087; baseline 0 -26"><span class='ocrx_word' id='word_1_103' title='bbox 307 1993 450 2061; x_wconf 79' lang='lat' dir='ltr'>Divitiae</span> <span class='ocrx_word' id='word_1_104' title='bbox 467 1987 539 2057; x_wconf 85' lang='lat' dir='ltr'>lilio</span> <span class='ocrx_word' id='word_1_105' title='bbox 555 1985 637 2059; x_wconf 79' lang='lat' dir='ltr'>dare</span> <span class='ocrx_word' id='word_1_106' title='bbox 651 1990 745 2072; x_wconf 83' lang='lat' dir='ltr'>uult,</span> <span class='ocrx_word' id='word_1_107' title='bbox 767 2005 803 2058; x_wconf 93' lang='lat' dir='ltr'>ut</span> <span class='ocrx_word' id='word_1_108' title='bbox 821 1991 911 2060; x_wconf 82' lang='lat' dir='ltr'>filius</span> <span class='ocrx_word' id='word_1_109' title='bbox 925 1994 1060 2087; x_wconf 84' lang='lat' dir='ltr'>eripiat.</span> 
     </span>
     <span class='ocr_line' id='line_1_15' title="bbox 356 2107 1381 2201; baseline 0.003 -27"><span class='ocrx_word' id='word_1_110' title='bbox 356 2109 478 2198; x_wconf 82' lang='lat' dir='ltr'>ltaque</span> <span class='ocrx_word' id='word_1_111' title='bbox 493 2107 748 2198; x_wconf 79' lang='lat' dir='ltr'>Laruooptlmo</span> <span class='ocrx_word' id='word_1_112' title='bbox 766 2107 880 2178; x_wconf 82' lang='lat' dir='ltr'>colore</span> <span class='ocrx_word' id='word_1_113' title='bbox 897 2131 977 2176; x_wconf 81' lang='lat' dir='ltr'>usus</span> <span class='ocrx_word' id='word_1_114' title='bbox 990 2125 1054 2177; x_wconf 84' lang='lat' dir='ltr'>est.</span> <span class='ocrx_word' id='word_1_115' title='bbox 1073 2112 1113 2176; x_wconf 91' lang='lat' dir='ltr'>In</span> <span class='ocrx_word' id='word_1_116' title='bbox 1132 2108 1216 2191; x_wconf 81' lang='lat' dir='ltr'>bne,</span> <span class='ocrx_word' id='word_1_117' title='bbox 1244 2111 1381 2201; x_wconf 89' lang='lat' dir='ltr'>inquit,</span> 
     </span>
     <span class='ocr_line' id='line_1_16' title="bbox 307 2218 1383 2317; baseline 0.001 -28"><span class='ocrx_word' id='word_1_118' title='bbox 307 2239 341 2290; x_wconf 87' lang='lat' dir='ltr'>te</span> <span class='ocrx_word' id='word_1_119' title='bbox 360 2224 397 2288; x_wconf 91' lang='lat' dir='ltr'>in</span> <span class='ocrx_word' id='word_1_120' title='bbox 416 2218 632 2312; x_wconf 83' lang='lat' dir='ltr'>adoptionem</span> <span class='ocrx_word' id='word_1_121' title='bbox 651 2220 728 2287; x_wconf 86' lang='lat' dir='ltr'>volo</span> <span class='ocrx_word' id='word_1_122' title='bbox 747 2218 850 2305; x_wconf 82' lang='lat' dir='ltr'>dare,</span> <span class='ocrx_word' id='word_1_123' title='bbox 870 2238 907 2289; x_wconf 92' lang='lat' dir='ltr'>ut</span> <span class='ocrx_word' id='word_1_124' title='bbox 924 2223 1057 2291; x_wconf 78' lang='lat' dir='ltr'>facilius</span> <span class='ocrx_word' id='word_1_125' title='bbox 1081 2247 1142 2317; x_wconf 82' lang='lat' dir='ltr'>per</span> <span class='ocrx_word' id='word_1_126' title='bbox 1168 2241 1202 2290; x_wconf 88' lang='lat' dir='ltr'>te</span> <span class='ocrx_word' id='word_1_127' title='bbox 1231 2221 1383 2292; x_wconf 70' lang='lat' dir='ltr'>abdicati</span> 
     </span>
     <span class='ocr_line' id='line_1_17' title="bbox 306 2336 903 2406; baseline -0.003 0"><span class='ocrx_word' id='word_1_128' title='bbox 306 2336 581 2406; x_wconf 72' lang='lat' dir='ltr'>reconcilientur.</span> <span class='ocrx_word' id='word_1_129' title='bbox 683 2351 685 2356; x_wconf 85' lang='lat'>&#39;</span> <span class='ocrx_word' id='word_1_130' title='bbox 901 2347 903 2354; x_wconf 82' lang='grc'><strong>“</strong></span> 
     </span>
     <span class='ocr_line' id='line_1_18' title="bbox 353 2449 1421 2542; baseline -0.001 -21"><span class='ocrx_word' id='word_1_131' title='bbox 353 2455 501 2522; x_wconf 73' lang='lat' dir='ltr'>Cosmus.</span> <span class='ocrx_word' id='word_1_132' title='bbox 516 2452 653 2533; x_wconf 87' lang='lat' dir='ltr'>Timeo,</span> <span class='ocrx_word' id='word_1_133' title='bbox 670 2451 801 2542; x_wconf 83' lang='lat' dir='ltr'>inquit,</span> <span class='ocrx_word' id='word_1_134' title='bbox 817 2475 861 2518; x_wconf 91' lang='lat' dir='ltr'>ne</span> <span class='ocrx_word' id='word_1_135' title='bbox 878 2449 1019 2520; x_wconf 84' lang='lat' dir='ltr'>abdicet·</span> <span class='ocrx_word' id='word_1_136' title='bbox 1041 2475 1048 2516; x_wconf 75' lang='grc' dir='ltr'><strong>ε</strong></span> <span class='ocrx_word' id='word_1_137' title='bbox 1065 2451 1186 2521; x_wconf 86' lang='lat' dir='ltr'>vellem</span> <span class='ocrx_word' id='word_1_138' title='bbox 1203 2449 1380 2520; x_wconf 64' lang='lat' dir='ltr'>&#39;timeres</span> <span class='ocrx_word' id='word_1_139' title='bbox 1419 2475 1421 2478; x_wconf 85' lang='lat'>·</span> 
     </span>
     <span class='ocr_line' id='line_1_19' title="bbox 356 2565 1378 2638; baseline -0.002 -1"><span class='ocrx_word' id='word_1_140' title='bbox 356 2571 517 2638; x_wconf 76' lang='lat' dir='ltr'>Ausones</span> <span class='ocrx_word' id='word_1_141' title='bbox 530 2566 596 2633; x_wconf 86' lang='lat' dir='ltr'>boe</span> <span class='ocrx_word' id='word_1_142' title='bbox 614 2565 727 2632; x_wconf 85' lang='lat' dir='ltr'>colore</span> <span class='ocrx_word' id='word_1_143' title='bbox 739 2580 903 2634; x_wconf 82' lang='lat' dir='ltr'>nauseat:</span> <span class='ocrx_word' id='word_1_144' title='bbox 921 2567 1090 2636; x_wconf 83' lang='lat' dir='ltr'>Summam</span> <span class='ocrx_word' id='word_1_145' title='bbox 1108 2567 1173 2634; x_wconf 82' lang='lat' dir='ltr'>eibi</span> <span class='ocrx_word' id='word_1_146' title='bbox 1190 2567 1378 2634; x_wconf 85' lang='lat' dir='ltr'>amicitlam</span> 
     </span>
     <span class='ocr_line' id='line_1_20' title="bbox 305 2681 1380 2765; baseline -0.004 -10"><span class='ocrx_word' id='word_1_147' title='bbox 305 2708 382 2755; x_wconf 87' lang='lat' dir='ltr'>eum</span> <span class='ocrx_word' id='word_1_148' title='bbox 402 2685 508 2754; x_wconf 87' lang='lat' dir='ltr'>divite</span> <span class='ocrx_word' id='word_1_149' title='bbox 525 2683 628 2750; x_wconf 80' lang='lat' dir='ltr'>initae</span> <span class='ocrx_word' id='word_1_150' title='bbox 644 2711 651 2747; x_wconf 91' lang='lat'>:</span> <span class='ocrx_word' id='word_1_151' title='bbox 670 2681 794 2749; x_wconf 67' lang='lat' dir='ltr'>dixisse</span> <span class='ocrx_word' id='word_1_152' title='bbox 810 2682 906 2751; x_wconf 91' lang='lat' dir='ltr'>illum</span> <span class='ocrx_word' id='word_1_153' title='bbox 921 2684 987 2751; x_wconf 87' lang='lat' dir='ltr'>eibi</span> <span class='ocrx_word' id='word_1_154' title='bbox 1005 2681 1192 2765; x_wconf 80' lang='lat' dir='ltr'>dubitanti,</span> <span class='ocrx_word' id='word_1_155' title='bbox 1209 2683 1380 2761; x_wconf 79' lang='lat' dir='ltr'>nutilium</span> 
     </span>
     <span class='ocr_line' id='line_1_21' title="bbox 304 2798 1378 2902; baseline 0.001 -34"><span class='ocrx_word' id='word_1_156' title='bbox 304 2802 451 2871; x_wconf 87' lang='lat' dir='ltr'>tolleret.</span> <span class='ocrx_word' id='word_1_157' title='bbox 468 2798 583 2879; x_wconf 84' lang='lat' dir='ltr'>Tolle,</span> <span class='ocrx_word' id='word_1_158' title='bbox 601 2799 724 2889; x_wconf 89' lang='lat' dir='ltr'>inquit,</span> <span class='ocrx_word' id='word_1_159' title='bbox 742 2799 777 2864; x_wconf 92' lang='lat' dir='ltr'>in</span> <span class='ocrx_word' id='word_1_160' title='bbox 792 2822 903 2866; x_wconf 88' lang='lat' dir='ltr'>meum</span> <span class='ocrx_word' id='word_1_161' title='bbox 921 2802 1181 2902; x_wconf 68' lang='lat' dir='ltr'>patrimonium</span> <span class='ocrx_word' id='word_1_162' title='bbox 1197 2821 1261 2894; x_wconf 75' lang='lat' dir='ltr'>ego</span> <span class='ocrx_word' id='word_1_163' title='bbox 1274 2801 1378 2869; x_wconf 82' lang='lat' dir='ltr'>iatum</span> 
     </span>
     <span class='ocr_line' id='line_1_22' title="bbox 305 2908 1383 3007; baseline 0.003 -26"><span class='ocrx_word' id='word_1_164' title='bbox 305 2917 441 2984; x_wconf 79' lang='lat' dir='ltr'>fratrem</span> <span class='ocrx_word' id='word_1_165' title='bbox 450 2913 635 2979; x_wconf 83' lang='lat' dir='ltr'>liberorum</span> <span class='ocrx_word' id='word_1_166' title='bbox 644 2908 820 3004; x_wconf 82' lang='lat' dir='ltr'>judicabo.</span> <span class='ocrx_word' id='word_1_167' title='bbox 836 2915 955 3006; x_wconf 87' lang='lat' dir='ltr'>Itaque</span> <span class='ocrx_word' id='word_1_168' title='bbox 970 2937 1075 3007; x_wconf 88' lang='lat' dir='ltr'>quum</span> <span class='ocrx_word' id='word_1_169' title='bbox 1087 2932 1122 2985; x_wconf 89' lang='lat' dir='ltr'>et</span> <span class='ocrx_word' id='word_1_170' title='bbox 1132 2917 1270 2984; x_wconf 87' lang='lat' dir='ltr'>tertium</span> <span class='ocrx_word' id='word_1_171' title='bbox 1282 2917 1383 2984; x_wconf 86' lang='lat' dir='ltr'>abdi·</span> 
     </span>
     <span class='ocr_line' id='line_1_23' title="bbox 304 3027 1383 3124; baseline 0.003 -26"><span class='ocrx_word' id='word_1_172' title='bbox 304 3046 416 3115; x_wconf 88' lang='lat' dir='ltr'>earet,</span> <span class='ocrx_word' id='word_1_173' title='bbox 442 3027 550 3096; x_wconf 83' lang='lat' dir='ltr'>dixit:</span> <span class='ocrx_word' id='word_1_174' title='bbox 570 3027 666 3122; x_wconf 87' lang='lat' dir='ltr'>Quid</span> <span class='ocrx_word' id='word_1_175' title='bbox 696 3029 744 3095; x_wconf 81' lang='lat' dir='ltr'>sie</span> <span class='ocrx_word' id='word_1_176' title='bbox 769 3028 853 3096; x_wconf 89' lang='lat' dir='ltr'>mihi</span> <span class='ocrx_word' id='word_1_177' title='bbox 882 3030 1022 3114; x_wconf 77' lang='lat' dir='ltr'>illudis,</span> <span class='ocrx_word' id='word_1_178' title='bbox 1049 3048 1209 3124; x_wconf 88' lang='lat' dir='ltr'>tanquam</span> <span class='ocrx_word' id='word_1_179' title='bbox 1231 3035 1383 3102; x_wconf 75' lang='lat' dir='ltr'>unicus?</span> 
     </span>
     <span class='ocr_line' id='line_1_24' title="bbox 285 3123 1378 3230; baseline 0.001 -17"><span class='ocrx_word' id='word_1_180' title='bbox 285 3123 488 3213; x_wconf 76' lang='lat' dir='ltr'>¹etlamnum</span> <span class='ocrx_word' id='word_1_181' title='bbox 517 3142 625 3211; x_wconf 84' lang='lat' dir='ltr'>filium</span> <span class='ocrx_word' id='word_1_182' title='bbox 651 3139 787 3211; x_wconf 86' lang='lat' dir='ltr'>babeo:</span> <span class='ocrx_word' id='word_1_183' title='bbox 812 3145 906 3212; x_wconf 89' lang='lat' dir='ltr'>venit</span> <span class='ocrx_word' id='word_1_184' title='bbox 928 3144 973 3212; x_wconf 85' lang='lat' dir='ltr'>nd</span> <span class='ocrx_word' id='word_1_185' title='bbox 995 3169 1067 3230; x_wconf 87' lang='lat' dir='ltr'>me,</span> <span class='ocrx_word' id='word_1_186' title='bbox 1093 3163 1127 3214; x_wconf 91' lang='lat' dir='ltr'>et</span> <span class='ocrx_word' id='word_1_187' title='bbox 1155 3148 1201 3214; x_wconf 87' lang='lat' dir='ltr'>ait</span> <span class='ocrx_word' id='word_1_188' title='bbox 1226 3174 1234 3214; x_wconf 80' lang='lat' dir='ltr'>t</span> <span class='ocrx_word' id='word_1_189' title='bbox 1256 3146 1378 3220; x_wconf 72' lang='lat' dir='ltr'>Redde</span> 
     </span>
     <span class='ocr_line' id='line_1_25' title="bbox 304 3257 1383 3352; baseline 0.001 -24"><span class='ocrx_word' id='word_1_190' title='bbox 304 3268 405 3352; x_wconf 82' lang='lat' dir='ltr'>quem</span> <span class='ocrx_word' id='word_1_191' title='bbox 420 3258 570 3327; x_wconf 79' lang='lat' dir='ltr'>educasti</span> <span class='ocrx_word' id='word_1_192' title='bbox 588 3259 696 3326; x_wconf 90' lang='lat' dir='ltr'>mihi:</span> <span class='ocrx_word' id='word_1_193' title='bbox 716 3259 744 3325; x_wconf 77' lang='lat' dir='ltr'>ei</span> <span class='ocrx_word' id='word_1_194' title='bbox 756 3257 925 3327; x_wconf 87' lang='lat' dir='ltr'>emendati</span> <span class='ocrx_word' id='word_1_195' title='bbox 943 3259 1070 3327; x_wconf 84' lang='lat' dir='ltr'>luerint</span> <span class='ocrx_word' id='word_1_196' title='bbox 1081 3261 1181 3329; x_wconf 91' lang='lat' dir='ltr'>liberi</span> <span class='ocrx_word' id='word_1_197' title='bbox 1197 3261 1303 3346; x_wconf 90' lang='lat' dir='ltr'>mibi,</span> <span class='ocrx_word' id='word_1_198' title='bbox 1321 3263 1383 3330; x_wconf 79' lang='lat' dir='ltr'>ba·</span> 
     </span>
     <span class='ocr_line' id='line_1_26' title="bbox 304 3374 1380 3470; baseline 0.003 -28"><span class='ocrx_word' id='word_1_199' title='bbox 304 3375 393 3443; x_wconf 88' lang='lat' dir='ltr'>bebo</span> <span class='ocrx_word' id='word_1_200' title='bbox 416 3374 511 3443; x_wconf 87' lang='lat' dir='ltr'>bunc</span> <span class='ocrx_word' id='word_1_201' title='bbox 536 3399 611 3444; x_wconf 89' lang='lat' dir='ltr'>cum</span> <span class='ocrx_word' id='word_1_202' title='bbox 636 3375 705 3444; x_wconf 83' lang='lat' dir='ltr'>illis</span> <span class='ocrx_word' id='word_1_203' title='bbox 726 3401 733 3442; x_wconf 90' lang='lat'>:</span> <span class='ocrx_word' id='word_1_204' title='bbox 753 3377 782 3443; x_wconf 85' lang='lat' dir='ltr'>ai</span> <span class='ocrx_word' id='word_1_205' title='bbox 805 3377 1122 3468; x_wconf 81' lang='lat' dir='ltr'>perseveraverint,</span> <span class='ocrx_word' id='word_1_206' title='bbox 1154 3376 1287 3445; x_wconf 87' lang='lat' dir='ltr'>habebo</span> <span class='ocrx_word' id='word_1_207' title='bbox 1317 3400 1380 3470; x_wconf 81' lang='lat' dir='ltr'>pro</span> 
     </span>
     <span class='ocr_line' id='line_1_27' title="bbox 341 3531 1381 3616; baseline 0.001 -21"><span class='ocrx_word' id='word_1_208' title='bbox 341 3564 362 3595; x_wconf 89' lang='lat'>1.</span> <span class='ocrx_word' id='word_1_209' title='bbox 378 3541 469 3595; x_wconf 80' lang='lat' dir='ltr'>Trium</span> <span class='ocrx_word' id='word_1_210' title='bbox 484 3545 649 3614; x_wconf 60' lang='lat' dir='ltr'>poedugmqia.</span> <span class='ocrx_word' id='word_1_211' title='bbox 662 3542 774 3594; x_wconf 85' lang='lat' dir='ltr'>Turneb.</span> <span class='ocrx_word' id='word_1_212' title='bbox 787 3531 817 3594; x_wconf 84' lang='lat' dir='ltr'>sd</span> <span class='ocrx_word' id='word_1_213' title='bbox 867 3543 975 3596; x_wconf 82' lang='lat' dir='ltr'>maxima</span> <span class='ocrx_word' id='word_1_214' title='bbox 994 3543 1204 3610; x_wconf 81' lang='lat' dir='ltr'>commendatio,</span> <span class='ocrx_word' id='word_1_215' title='bbox 1225 3541 1293 3616; x_wconf 77' lang='lat' dir='ltr'>frugi</span> <span class='ocrx_word' id='word_1_216' title='bbox 1313 3562 1381 3605; x_wconf 75' lang='lat' dir='ltr'>esse,</span> 
     </span>
    </p>
   </div>
   <div class='ocr_carea' id='block_1_2' title="bbox 306 3619 1381 3770">
    <p class='ocr_par' dir='ltr' id='par_1_2' title="bbox 306 3619 1381 3770">
     <span class='ocr_line' id='line_1_28' title="bbox 306 3619 1381 3696; baseline 0.002 -24"><span class='ocrx_word' id='word_1_217' title='bbox 306 3621 343 3673; x_wconf 87' lang='lat' dir='ltr'>tit.</span> <span class='ocrx_word' id='word_1_218' title='bbox 352 3619 387 3671; x_wconf 86' lang='lat' dir='ltr'>D.</span> <span class='ocrx_word' id='word_1_219' title='bbox 401 3620 498 3695; x_wconf 81' lang='lat' dir='ltr'>depen.</span> <span class='ocrx_word' id='word_1_220' title='bbox 508 3621 558 3692; x_wconf 79' lang='lat' dir='ltr'>leg.</span> <span class='ocrx_word' id='word_1_221' title='bbox 570 3644 584 3668; x_wconf 74' lang='lat' dir='ltr'>a</span> <span class='ocrx_word' id='word_1_222' title='bbox 594 3620 748 3696; x_wconf 73' lang='lat' dir='ltr'>Paedagogin</span> <span class='ocrx_word' id='word_1_223' title='bbox 760 3632 819 3672; x_wconf 86' lang='lat' dir='ltr'>suot</span> <span class='ocrx_word' id='word_1_224' title='bbox 867 3633 893 3673; x_wconf 82' lang='lat' dir='ltr'>et</span> <span class='ocrx_word' id='word_1_225' title='bbox 911 3621 1042 3695; x_wconf 76' lang='lat' dir='ltr'>paedagogi</span> <span class='ocrx_word' id='word_1_226' title='bbox 1059 3621 1122 3674; x_wconf 88' lang='lat' dir='ltr'>olim</span> <span class='ocrx_word' id='word_1_227' title='bbox 1140 3623 1192 3674; x_wconf 81' lang='lat' dir='ltr'>lere</span> <span class='ocrx_word' id='word_1_228' title='bbox 1209 3622 1292 3686; x_wconf 82' lang='lat' dir='ltr'>servi,</span> <span class='ocrx_word' id='word_1_229' title='bbox 1310 3634 1338 3673; x_wconf 91' lang='lat' dir='ltr'>ut</span> <span class='ocrx_word' id='word_1_230' title='bbox 1353 3644 1381 3674; x_wconf 79' lang='lat' dir='ltr'>es</span> 
     </span>
     <span class='ocr_line' id='line_1_29' title="bbox 307 3697 1381 3770; baseline 0.003 -22"><span class='ocrx_word' id='word_1_231' title='bbox 307 3715 442 3769; x_wconf 82' lang='lat' dir='ltr'>puerorum</span> <span class='ocrx_word' id='word_1_232' title='bbox 470 3710 565 3760; x_wconf 81' lang='lat' dir='ltr'>coetus,</span> <span class='ocrx_word' id='word_1_233' title='bbox 588 3697 614 3747; x_wconf 86' lang='lat' dir='ltr'>id</span> <span class='ocrx_word' id='word_1_234' title='bbox 636 3709 691 3760; x_wconf 84' lang='lat' dir='ltr'>est,</span> <span class='ocrx_word' id='word_1_235' title='bbox 716 3697 817 3750; x_wconf 83' lang='lat' dir='ltr'>&#39;servitia</span> <span class='ocrx_word' id='word_1_236' title='bbox 867 3699 1004 3751; x_wconf 82' lang='lat' dir='ltr'>Plutarcho</span> <span class='ocrx_word' id='word_1_237' title='bbox 1018 3700 1091 3770; x_wconf 73' lang='grc' dir='ltr'><strong>«περὶ</strong></span> <span class='ocrx_word' id='word_1_238' title='bbox 1106 3700 1197 3753; x_wconf 66' lang='lat' dir='ltr'>mltos</span> <span class='ocrx_word' id='word_1_239' title='bbox 1211 3703 1321 3763; x_wconf 65' lang='grc' dir='ltr'>ἐγυγῆς»</span> <span class='ocrx_word' id='word_1_240' title='bbox 1336 3700 1381 3751; x_wconf 88' lang='lat' dir='ltr'>di-</span> 
     </span>
    </p>
   </div>
   <div class='ocr_carea' id='block_1_3' title="bbox 206 3772 1381 4318">
    <p class='ocr_par' dir='ltr' id='par_1_3' title="bbox 306 3772 1381 4162">
     <span class='ocr_line' id='line_1_30' title="bbox 324 3772 1381 3849; baseline 0.003 -22"><span class='ocrx_word' id='word_1_241' title='bbox 324 3775 410 3828; x_wconf 86' lang='lat' dir='ltr'>uerilis</span> <span class='ocrx_word' id='word_1_242' title='bbox 427 3775 504 3829; x_wconf 70' lang='lat' dir='ltr'>etatis</span> <span class='ocrx_word' id='word_1_243' title='bbox 514 3796 520 3839; x_wconf 84' lang='lat'><strong>;</strong></span> <span class='ocrx_word' id='word_1_244' title='bbox 532 3796 545 3822; x_wconf 79' lang='lat' dir='ltr'>o</span> <span class='ocrx_word' id='word_1_245' title='bbox 558 3793 603 3826; x_wconf 83' lang='lat' dir='ltr'>nos</span> <span class='ocrx_word' id='word_1_246' title='bbox 616 3772 658 3826; x_wconf 84' lang='lat' dir='ltr'>bic</span> <span class='ocrx_word' id='word_1_247' title='bbox 671 3794 761 3846; x_wconf 86' lang='lat' dir='ltr'>pueros</span> <span class='ocrx_word' id='word_1_248' title='bbox 771 3795 818 3826; x_wconf 91' lang='lat' dir='ltr'>no·</span> <span class='ocrx_word' id='word_1_249' title='bbox 868 3775 926 3828; x_wconf 83' lang='lat' dir='ltr'>dici.</span> <span class='ocrx_word' id='word_1_250' title='bbox 934 3775 1084 3848; x_wconf 77' lang='lat' dir='ltr'>lgiturquid</span> <span class='ocrx_word' id='word_1_251' title='bbox 1094 3779 1162 3849; x_wconf 80' lang='lat' dir='ltr'>frugi</span> <span class='ocrx_word' id='word_1_252' title='bbox 1171 3798 1241 3831; x_wconf 82' lang='lat' dir='ltr'>servo</span> <span class='ocrx_word' id='word_1_253' title='bbox 1252 3777 1381 3830; x_wconf 83' lang='lat' dir='ltr'>honestius</span> 
     </span>
     <span class='ocr_line' id='line_1_31' title="bbox 306 3798 1380 3928; baseline 0 -21"><span class='ocrx_word' id='word_1_254' title='bbox 306 3798 398 3908; x_wconf 75' lang='lat' dir='ltr'>illium</span> <span class='ocrx_word' id='word_1_255' title='bbox 419 3853 550 3905; x_wconf 86' lang='lat' dir='ltr'>ministros</span> <span class='ocrx_word' id='word_1_256' title='bbox 568 3855 671 3925; x_wconf 77' lang='lat' dir='ltr'>pagios,</span> <span class='ocrx_word' id='word_1_257' title='bbox 684 3850 752 3903; x_wconf 81' lang='lat' dir='ltr'>velut</span> <span class='ocrx_word' id='word_1_258' title='bbox 763 3851 819 3906; x_wconf 72' lang='lat' dir='ltr'>Pae·</span> <span class='ocrx_word' id='word_1_259' title='bbox 867 3852 1004 3921; x_wconf 83' lang='lat' dir='ltr'>videretur,</span> <span class='ocrx_word' id='word_1_260' title='bbox 1015 3873 1090 3928; x_wconf 81' lang='lat' dir='ltr'>quam</span> <span class='ocrx_word' id='word_1_261' title='bbox 1101 3874 1158 3907; x_wconf 84' lang='lat' dir='ltr'>eum</span> <span class='ocrx_word' id='word_1_262' title='bbox 1169 3855 1277 3908; x_wconf 83' lang='lat' dir='ltr'>emedio</span> <span class='ocrx_word' id='word_1_263' title='bbox 1290 3867 1380 3909; x_wconf 84' lang='lat' dir='ltr'>sustu-</span> 
     </span>
     <span class='ocr_line' id='line_1_32' title="bbox 308 3927 1381 4004; baseline 0 -21"><span class='ocrx_word' id='word_1_264' title='bbox 308 3930 465 4004; x_wconf 77' lang='lat' dir='ltr'>slagogianos</span> <span class='ocrx_word' id='word_1_265' title='bbox 478 3947 584 4003; x_wconf 82' lang='lat' dir='ltr'>pueros,</span> <span class='ocrx_word' id='word_1_266' title='bbox 600 3938 627 3980; x_wconf 85' lang='lat' dir='ltr'>ut</span> <span class='ocrx_word' id='word_1_267' title='bbox 639 3927 751 3980; x_wconf 82' lang='lat' dir='ltr'>Marcell.</span> <span class='ocrx_word' id='word_1_268' title='bbox 766 3949 819 3980; x_wconf 88' lang='lat' dir='ltr'>no·</span> <span class='ocrx_word' id='word_1_269' title='bbox 867 3929 939 3990; x_wconf 87' lang='lat' dir='ltr'>lisse,</span> <span class='ocrx_word' id='word_1_270' title='bbox 959 3951 1001 4002; x_wconf 82' lang='lat' dir='ltr'>per</span> <span class='ocrx_word' id='word_1_271' title='bbox 1019 3951 1096 4002; x_wconf 85' lang='lat' dir='ltr'>quern</span> <span class='ocrx_word' id='word_1_272' title='bbox 1116 3929 1172 3984; x_wconf 83' lang='lat' dir='ltr'>fieri</span> <span class='ocrx_word' id='word_1_273' title='bbox 1190 3931 1333 3997; x_wconf 78' lang='lat' dir='ltr'>rideretur,</span> <span class='ocrx_word' id='word_1_274' title='bbox 1352 3943 1381 3985; x_wconf 89' lang='lat' dir='ltr'>ut</span> 
     </span>
     <span class='ocr_line' id='line_1_33' title="bbox 309 4005 1380 4096; baseline 0 -34"><span class='ocrx_word' id='word_1_275' title='bbox 309 4011 408 4078; x_wconf 78' lang='lat' dir='ltr'>minat,</span> <span class='ocrx_word' id='word_1_276' title='bbox 431 4011 509 4086; x_wconf 80' lang='lat' dir='ltr'>vulgo</span> <span class='ocrx_word' id='word_1_277' title='bbox 530 4006 639 4060; x_wconf 83' lang='lat' dir='ltr'>solemus</span> <span class='ocrx_word' id='word_1_278' title='bbox 659 4005 792 4096; x_wconf 56' lang='lat' dir='ltr'>appellare.</span> <span class='ocrx_word' id='word_1_279' title='bbox 803 4031 817 4056; x_wconf 75' lang='lat' dir='ltr'>o</span> <span class='ocrx_word' id='word_1_280' title='bbox 868 4005 954 4060; x_wconf 81' lang='lat' dir='ltr'>herilis</span> <span class='ocrx_word' id='word_1_281' title='bbox 964 4006 1047 4076; x_wconf 78' lang='lat' dir='ltr'>filius,</span> <span class='ocrx_word' id='word_1_282' title='bbox 1062 4022 1086 4061; x_wconf 87' lang='lat' dir='ltr'>et</span> <span class='ocrx_word' id='word_1_283' title='bbox 1098 4029 1112 4061; x_wconf 84' lang='lat' dir='ltr'>a</span> <span class='ocrx_word' id='word_1_284' title='bbox 1126 4010 1203 4064; x_wconf 87' lang='lat' dir='ltr'>domo</span> <span class='ocrx_word' id='word_1_285' title='bbox 1216 4029 1260 4062; x_wconf 88' lang='lat' dir='ltr'>sua</span> <span class='ocrx_word' id='word_1_286' title='bbox 1274 4021 1298 4062; x_wconf 82' lang='lat' dir='ltr'>st</span> <span class='ocrx_word' id='word_1_287' title='bbox 1310 4030 1326 4062; x_wconf 82' lang='lat' dir='ltr'>a</span> <span class='ocrx_word' id='word_1_288' title='bbox 1338 4009 1380 4062; x_wconf 76' lang='lat' dir='ltr'>ia-</span> 
     </span>
     <span class='ocr_line' id='line_1_34' title="bbox 307 4081 1197 4162; baseline 0.003 -22"><span class='ocrx_word' id='word_1_289' title='bbox 307 4085 375 4141; x_wconf 76' lang='lat' dir='ltr'>Vide</span> <span class='ocrx_word' id='word_1_290' title='bbox 390 4087 472 4162; x_wconf 82' lang='lat' dir='ltr'>ipsum</span> <span class='ocrx_word' id='word_1_291' title='bbox 486 4087 553 4148; x_wconf 75' lang='lat' dir='ltr'>Adv.</span> <span class='ocrx_word' id='word_1_292' title='bbox 564 4085 630 4138; x_wconf 78' lang='lat' dir='ltr'>Vlll</span> <span class='ocrx_word' id='word_1_293' title='bbox 641 4107 661 4140; x_wconf 88' lang='lat' dir='ltr'>c.</span> <span class='ocrx_word' id='word_1_294' title='bbox 673 4107 696 4157; x_wconf 81' lang='lat'>9.</span> <span class='ocrx_word' id='word_1_295' title='bbox 710 4081 808 4140; x_wconf 78' lang='lat' dir='ltr'>Schult.</span> <span class='ocrx_word' id='word_1_296' title='bbox 868 4087 939 4141; x_wconf 86' lang='lat' dir='ltr'>milia</span> <span class='ocrx_word' id='word_1_297' title='bbox 952 4087 1087 4143; x_wconf 78' lang='lat' dir='ltr'>aberraret.</span> <span class='ocrx_word' id='word_1_298' title='bbox 1101 4087 1197 4146; x_wconf 79' lang='lat' dir='ltr'>Sclott.</span> 
     </span>
    </p>

    <p class='ocr_par' dir='ltr' id='par_1_4' title="bbox 206 4163 1381 4318">
     <span class='ocr_line' id='line_1_35' title="bbox 343 4163 1381 4239; baseline 0.002 -21"><span class='ocrx_word' id='word_1_299' title='bbox 343 4187 366 4219; x_wconf 78' lang='lat'>2.</span> <span class='ocrx_word' id='word_1_300' title='bbox 387 4163 517 4239; x_wconf 79' lang='lat' dir='ltr'>Quisquis</span> <span class='ocrx_word' id='word_1_301' title='bbox 529 4165 741 4238; x_wconf 74' lang='lat' dir='ltr'>frugalissimus.</span> <span class='ocrx_word' id='word_1_302' title='bbox 763 4163 819 4216; x_wconf 82' lang='lat' dir='ltr'>lise</span> <span class='ocrx_word' id='word_1_303' title='bbox 900 4163 924 4216; x_wconf 79' lang='grc'>3.</span> <span class='ocrx_word' id='word_1_304' title='bbox 934 4167 1037 4219; x_wconf 80' lang='lat' dir='ltr'>Vellem</span> <span class='ocrx_word' id='word_1_305' title='bbox 1046 4169 1156 4221; x_wconf 81' lang='lat' dir='ltr'>timeres.</span> <span class='ocrx_word' id='word_1_306' title='bbox 1167 4167 1206 4219; x_wconf 83' lang='lat' dir='ltr'>Ita</span> <span class='ocrx_word' id='word_1_307' title='bbox 1216 4167 1282 4222; x_wconf 87' lang='lat' dir='ltr'>mibi</span> <span class='ocrx_word' id='word_1_308' title='bbox 1294 4171 1325 4222; x_wconf 79' lang='lat' dir='ltr'>ad</span> <span class='ocrx_word' id='word_1_309' title='bbox 1335 4169 1381 4220; x_wconf 88' lang='lat' dir='ltr'>ul-</span> 
     </span>
     <span class='ocr_line' id='line_1_36' title="bbox 206 4243 1378 4318; baseline 0.005 -25"><span class='ocrx_word' id='word_1_310' title='bbox 206 4243 214 4306; x_wconf 70' lang='grc' dir='ltr'>ξ·</span> <span class='ocrx_word' id='word_1_311' title='bbox 310 4255 361 4307; x_wconf 82' lang='lat' dir='ltr'>ast,</span> <span class='ocrx_word' id='word_1_312' title='bbox 377 4245 484 4297; x_wconf 83' lang='lat' dir='ltr'>maxime</span> <span class='ocrx_word' id='word_1_313' title='bbox 496 4245 571 4317; x_wconf 78' lang='lat' dir='ltr'>frugi·</span> <span class='ocrx_word' id='word_1_314' title='bbox 586 4243 722 4297; x_wconf 79' lang='lat' dir='ltr'>Servorum</span> <span class='ocrx_word' id='word_1_315' title='bbox 733 4251 817 4297; x_wconf 82' lang='lat' dir='ltr'>aulem</span> <span class='ocrx_word' id='word_1_316' title='bbox 867 4243 957 4296; x_wconf 86' lang='lat' dir='ltr'>timum</span> <span class='ocrx_word' id='word_1_317' title='bbox 985 4245 1069 4317; x_wconf 69' lang='lat' dir='ltr'>patrie</span> <span class='ocrx_word' id='word_1_318' title='bbox 1094 4247 1220 4318; x_wconf 79' lang='lat' dir='ltr'>potestatis</span> <span class='ocrx_word' id='word_1_319' title='bbox 1247 4248 1378 4302; x_wconf 80' lang='lat' dir='ltr'>decurrere</span> 
     </span>
    </p>
   </div>
   <div class='ocr_carea' id='block_1_4' title="bbox 0 0 1444 4816">
    <p class='ocr_par' dir='ltr' id='par_1_5' title="bbox 0 0 1444 4816">
     <span class='ocr_line' id='line_1_37' title="bbox 0 0 1444 4816; baseline 0 1"><span class='ocrx_word' id='word_1_320' title='bbox 0 0 1444 4816; x_wconf 95' lang='lat' dir='ltr'> </span> 
     </span>
    </p>
   </div>
  </div>
 </body>
</html>
