2876 4804
361 409 402 456 ιο
644 389 686 457 Ν.
714 387 846 457 FABRI
869 387 1113 456 PRAEFATlO.

354 509 425 598 quis
439 506 516 571 inde
530 506 654 572 fructus
665 507 735 571 elici
745 507 860 594 possit,
876 507 927 570 vel
948 507 1015 569 sine
1032 519 1169 594 receptat
1183 503 1332 568 lectionis
1353 505 1428 570 dis-

353 611 474 704 pendio
489 613 577 699 rejici
594 628 627 677 et
642 612 795 702 ablegari,
812 628 911 702 prout
925 613 1032 678 animo
1045 611 1171 677 libitum
1183 611 1257 692 erit,
1274 629 1422 699 queant.

398 719 503 785 Porro
510 719 808 784 Controversiarum
817 718 915 784 libros
921 718 1229 807 inscripsimus,tum
1235 719 1313 806 quia
1320 719 1426 784 vide-

351 842 407 891 tur
416 829 460 890 ita
471 847 526 889 eos
537 824 757 890 denominasse
768 839 881 890 auctor
894 823 1084 890 Praefatione
1097 826 1129 904 I,
1144 839 1214 888 tum
1231 826 1328 888 etiam
1342 847 1425 891 sua-

353 931 450 997 dente
470 932 603 997 ratione.
627 931 711 996 Nam
723 955 825 1020 quum
843 931 910 997 duo
928 933 989 996 sint
1004 928 1271 996 declamationum
1286 953 1425 1021 genera

353 1037 482 1100 diversis
497 1037 649 1125 operibus
663 1037 704 1101 ab
718 1036 783 1102 boc
801 1053 933 1102 auctore
946 1051 1077 1102 tractata
1095 1058 1103 1100 :
1126 1052 1163 1100 ut
1179 1036 1269 1099 elteri
1288 1037 1422 1102 Suaso-

352 1144 487 1224 riarum,
502 1143 545 1208 ita
557 1144 651 1206 etiam
659 1143 736 1207 huic
744 1144 1043 1207 Controversiarum
1054 1165 1174 1206 nomen
1183 1141 1341 1206 indidisse
1353 1166 1424 1232 par

353 1249 578 1314 est.Variatum
584 1251 731 1313 tamenin
737 1247 1302 1339 hacinscriptioneprioribuesaeculis
1308 1249 1423 1316 fuisse

351 1371 540 1420 certumest
556 1356 572 1420 J
574 1379 604 1421 ο.
615 1355 846 1421 salisberiensis
853 1357 1064 1445 suiPolycrat.
1074 1355 1093 1419 8
1102 1355 1214 1420 decem
1222 1357 1422 1422 Rhetorurn

351 1461 450 1526 libros
465 1479 559 1527 vocat
573 1462 761 1550 :quomodo
772 1463 866 1527 etiam
881 1464 1021 1551 optimus
1032 1461 1084 1526 ille
1098 1461 1213 1526 Pithoei
1224 1461 1334 1526 codex
1349 1465 1423 1552 epi-

350 1582 460 1633 tomen
468 1568 1423 1656 inscribitnbenecaedecemiihetorumoetquaesequuntur

350 1677 384 1740 in
400 1674 531 1755 eodem,
543 1693 584 1738 ex
595 1675 769 1762 Calpurnio
784 1704 797 1730 ι
813 1674 972 1762 Excerpta
987 1672 1099 1737 decem
1111 1673 1294 1737 Rhetorum
1306 1677 1424 1740 mino-

351 1810 364 1836 ι
379 1803 489 1858 ritmo·
505 1779 594 1866 quasi
606 1801 678 1866 quae
694 1776 876 1866 praecedant
891 1779 953 1842 sint
966 1783 1123 1867 majorum
1135 1801 1143 1844 :
1153 1779 1258 1842 caeteri
1270 1809 1284 1834 a
1296 1779 1423 1846 Decla-

350 1885 537 1949 mationum.
554 1915 567 1941 ι
597 1885 641 1948 At
664 1882 907 1949 declamationes
931 1907 997 1949 non
1022 1883 1187 1950 sunttsed
1214 1899 1348 1950 tantum
1377 1909 1424 1952 ex

350 1989 634 2057 declamationibus
645 1991 768 2056 selecta.
776 1991 933 2060 Praeterea
945 1991 1183 2056 declamationis
1194 2013 1317 2056 nomen
1333 1993 1423 2058 Sua-

349 2098 448 2160 sorias
466 2096 707 2184 complectitur,
728 2097 782 2161 hic
806 2097 1039 2162 Controversia}
1060 2111 1185 2162 tantum
1207 2113 1293 2160 sunt.
1317 2099 1424 2164 Alter

349 2203 402 2266 ille
413 2202 525 2266 titulus
537 2201 648 2266 decem
661 2203 863 2283 Rhetorum,
877 2203 918 2269 ad
929 2203 1116 2268 Groecorum
1128 2203 1235 2291 potius
1251 2201 1420 2286 somnam,

350 2309 406 2395 qui
421 2306 533 2371 decem
545 2308 722 2397 praecipuos
729 2309 887 2373 Rhetores
894 2309 1073 2391 celebrant,
1085 2332 1181 2397 quam
1190 2308 1232 2372 ad
1238 2311 1421 2375 veritatem

349 2417 454 2503 operis
471 2414 563 2480 fictus
583 2430 637 2480 est.
661 2416 793 2481 Veteres
811 2415 967 2482 editiones
983 2417 1083 2481 modo
1104 2417 1421 2482 Controuersiarum

349 2522 464 2602 libros,
492 2521 591 2587 modo
619 2522 919 2587 Controversiamm
944 2521 1128 2602 sententias,
1158 2520 1352 2606 divisiones,
1387 2539 1422 2588 et

349 2628 474 2692 colores
494 2644 621 2693 vocant.
649 2628 732 2692 Sunt
756 2629 850 2692 etiam
870 2608 1000 2716 antiqua
1020 2626 1165 2716 quasdam
1183 2643 1359 2715 excerpta,
1380 2629 1418 2693 in

349 2735 467 2822 quibus
480 2737 654 2799 Causarum
666 2735 798 2797 nomine
808 2735 964 2798 citentnr:
977 2731 1144 2821 quomodo
1157 2733 1248 2796 initio
1259 2733 1312 2797 sui
1325 2734 1419 2799 Con-

348 2840 519 2904 troversias
533 2839 630 2902 dictas
646 2853 779 2902 constat.

392 2945 591 3034 Praeponunt
611 2947 704 3009 etiam
728 2945 864 3032 antiquae
891 2944 1047 3008 editiones
1077 2944 1239 3008 Suasorias
1266 2945 1417 3014 Contro-

348 3052 523 3129 versiarum
548 3051 645 3116 libris.
661 3051 700 3113 In
723 3050 788 3114 boc
810 3066 916 3113 tamen
931 3052 1038 3137 potius
1050 3065 1172 3114 naturae
1192 3050 1344 3115 ordinem
1366 3077 1418 3118 so-

347 3175 455 3246 quutae
469 3159 572 3246 (prius
585 3159 671 3222 enim
682 3159 714 3220 in
734 3159 770 3220 iis
783 3179 867 3244 puer
885 3157 1125 3244 exercebatur),
1142 3180 1236 3245 quam
1248 3164 1418 3248 temporis

347 3287 413 3352 quo
439 3263 532 3329 editae
556 3278 641 3328 sunt.
660 3263 752 3327 Patet
772 3263 857 3326 enim
880 3285 920 3327 ex
941 3263 1165 3328 Controversia
1190 3279 1303 3351 quarta
1331 3266 1418 3333 libri

345 3370 479 3435 secundi
494 3385 525 3434 et
538 3369 604 3434 aliis
614 3370 711 3450 locis,
727 3370 889 3434 Suasorias
901 3369 1014 3432 ultimo
1029 3367 1102 3434 loco
1118 3371 1158 3434 ab
1171 3387 1307 3434 auctore
1317 3395 1417 3440 com·

346 3477 462 3564 positas
468 3493 565 3564 atque
577 3478 700 3540 entissas
712 3475 819 3557 luisse,
827 3473 986 3563 quasideo
995 3493 1207 3564 postponere,
1217 3493 1415 3565 receptum-

347 3605 411 3668 que
429 3582 575 3646 ordinem
594 3583 627 3645 in
647 3581 881 3646 recentioribus
898 3581 1090 3646 editionibus
1107 3583 1198 3669 sequi
1216 3579 1412 3652 maluimus.

390 3689 510 3752 Caetera
527 3710 598 3774 quae
605 3687 647 3752 ad
662 3688 783 3752 horum
800 3689 958 3752 librorum
973 3677 1211 3777 intelligentiam
1225 3689 1259 3753 in
1272 3691 1414 3757 univer*-

334 3809 417 3858 ‘sum
426 3808 582 3882 spectant,
594 3795 658 3858 suis
665 3793 743 3858 locis
754 3816 996 3882 prosequemur.

737 3989 1011 4014 mna-mu-
