2874 4768
221 393 226 402 ·
292 356 356 444 590
410 421 414 428 ,
606 341 1033 417 'n1.ANNAE15ENECAE

291 480 406 548 calum
422 480 630 568 terramque¹
647 474 745 544 dubii
757 471 980 568 pependimus
990 471 1117 542 :adhuc
1129 489 1244 543 tamen
1258 475 1374 562 bene,

290 593 443 675 ludices,
460 594 708 688 narigau'mue3
727 589 939 680 naufragium
953 592 1059 682 majus
1073 605 1178 659 restat
1193 593 1230 658 in
1243 591 1371 660 litor-c.

289 714 371 778 Erat
388 713 423 778 in
437 711 575 788 summit
589 709 750 776 montium
762 705 855 798 jugia
867 705 973 773 ardua
987 703 1102 772 divitia
1115 706 1271 800 apecula.
1288 707 1373 774 Illic

293 826 355 892 itte
374 823 624 914 naufragiorum
639 819 801 912 reliquias
814 819 1045 912 computabat3
1061 817 1133 886 illic
1144 820 1298 913 vectigal
1311 823 1375 888 in-
1425 831 1426 844 *

292 938 390 1019 felix,
408 952 442 1004 et
459 952 622 1030 quantum
638 932 705 1002 eibi
723 935 847 1002 iratum
863 933 1023 1003 redderet
1039 957 1143 1002 mare.
1163 936 1372 1028 Interrogor
1424 911 1426 946 l

293 1051 338 1120 de
348 1053 477 1144 nuptiis
491 1052 585 1132 filiae,
597 1073 702 1142 quum
715 1046 831 1116 adhuc
840 1045 992 1142 pulsaret
1003 1072 1102 1118 aureo
1115 1073 1210 1118 meaa
1221 1049 1369 1136 fluctua3

197 1227 199 1234 .
294 1168 358 1235 feci
376 1165 469 1257 qnod
492 1164 613 1249 debui,
642 1177 676 1231 et
698 1180 816 1256 captus
839 1180 873 1231 et
898 1165 1101 1259 naufragus,
1121 1167 1267 1235 inimico
1289 1183 1371 1236 itu·

245 1293 249 1298 '
295 1305 394 1374 prum
412 1280 570 1372 lacrymis
587 1279 724 1369 negavi.
744 1273 917 1346 Delieatua
939 1277 1051 1362 dives,
1073 1279 1133 1373 qui
1151 1282 1256 1348 etiam
1277 1285 1370 1352 inter

290 1395 492 1490 'naufragia'
511 1417 625 1463 amare
647 1409 772 1487 potest.
796 1395 1004 1462 Matrimonii
1027 1390 1285 1468 celebritatem³
1304 1422 1368 1466 re-

296 1515 376 1584 moti
392 1511 519 1606 angulo
539 1511 628 1579 ruris
647 1508 840 1596 abromum
859 1509 909 1578 ibi
925 1507 1006 1578 fecit
1018 1511 1166 1604 nuptiae,
1183 1537 1254 1604 quo
1267 1537 1368 1582 nemo

296 1630 361 1697 niai
375 1627 560 1720 naufragus
576 1624 682 1692 venit.
694 1627 858 1716 Lacr-yma
871 1640 922 1691 eet
938 1621 1102 1693 indicium
1118 1625 1280 1720 inoptatae
1295 1631 1367 1714 κὴ

296 1744 452 1836 lacrymae
467 1743 614 1834 pignora
630 1754 710 1808 aunt
730 1738 937 1824 nolentium,
963 1755 998 1807 et
1020 1744 1241 1833 repugnantia
1258 1745 1367 1812 animi

297 1856 410 1925 vultus
420 1849 670 1924 index⁴.Nemo
681 1877 831 1946 unquam
841 1853 1051 1948 quodcupit,
1063 1854 1176 1926 deflet.
1190 1859 1368 1949 Lacr-yma

298 1974 404 2042 coacti
430 1971 559 2040 doloris
584 1973 673 2038 intra
703 1969 908 2062 praecordia,
940 1986 974 2038 et
998 1971 1220 2041 intolerabilia
1236 1973 1367 2042 silentii

299 2091 446 2183 eruptio.
466 2089 523 2157 sie
542 2086 600 2154 ille
618 2089 674 2176 qui
694 2108 796 2179 anper
813 2087 962 2154 cinerem
984 2086 1085 2154 deflet
1102 2088 1365 2179 patrimonium,

300 2205 373 2274 odit
396 2203 592 2272 incendium
611 2229 619 2269 :
638 2203 686 2269 sic
704 2204 763 2293 qui
788 2202 1001 2295 naufragium
1026 2201 1147 2286 deflet,
1174 2205 1280 2271 maria
1307 2203 1370 2273 de-
1427 2219 1429 2274 j

300 2335 454 2391 testatur.
463 2317 582 2388 Fletus
590 2317 812 2386 humanarum
825 2321 1058 2387 necessitatum
1072 2320 1265 2389 verecunda
1277 2343 1370 2390 exse·

301 2435 408 2504 cratio
430 2449 494 2501 eat.
521 2432 604 2500 Tuae
622 2455 714 2500 nunc
731 2445 810 2498 aunt
827 2411 957 2524 partes,
981 2431 1113 2524 puella3
1141 2431 1278 2500 diaoedo
1306 2461 1314 2498 :
1337 2449 1368 2499 et

269 2607 274 2615 .
302 2549 393 2644 quod
409 2550 505 2642 prius
523 2547 606 2634 feci,
628 2563 735 2615 taceo.
757 2547 793 2614 Si
813 2563 917 2640 nupta
936 2571 989 2630 es,
1012 2545 1115 2615 habea
1133 2547 1230 2638 quod
1247 2563 1365 2641 optes:

303 2667 331 2732 ai
345 2665 480 2748 vitiata,
498 2663 589 2755 quod
602 2664 761 2756 imperet.

353 2830 465 2899 PARS
482 2828 674 2898 ALTERA.
695 2781 915 2921 Naufragium
930 2823 1018 2896 duo⁵
1040 2831 1261 2901 aacmtitaima
1278 2831 1369 2900 inter

304 2935 459 3016 hominen
469 2963 690 3038 exceperunt,
707 2946 891 3038 hospitium
904 2961 939 3012 et
950 2943 1115 3031 affinitati3
1130 2945 1273 3014 alterum
1283 2971 1369 3040 prai-

306 3064 375 3133 atiti
391 3061 562 3130 :alterum
581 3064 682 3130 etiarn
701 3063 831 3155 rogavi.
856 3060 996 3131 Oblatas
1013 3062 1215 3130 conciliante
1236 3063 1368 3144 fortuna

307 3178 460 3271 nuptiae,
482 3176 574 3268 quod
591 3193 663 3244 erat
681 3177 843 3258 amantia,
864 3178 986 3270 saepius
1002 3179 1120 3270 rogavi
1138 3204 1146 3244 :
1162 3177 1256 3269 quod
1272 3179 1369 3246 festi-

307 3295 438 3374 nantia,
459 3317 527 3362 non
545 3292 673 3361 diatuli.
694 3292 791 3383 Quid
806 3292 864 3360 hic
878 3295 1023 3386 raptorio
1039 3311 1106 3374 est,
1124 3296 1188 3360 nisi
1207 3293 1297 3386 quod
1312 3297 1369 3361 in-

345 3478 365 3511 ι.
378 3459 550 3512 Intercoeium
558 3469 712 3528 terramque.
721 3457 772 3511 Alii
781 3462 816 3510 in·
867 3459 977 3512 editione
986 3461 1045 3513 anni
1056 3462 1117 3528 1573
1127 3465 1296 3523 ,celeritatem
1304 3459 1368 3512 male

309 3550 348 3590 ter
356 3547 451 3590 terram
459 3537 599 3600 anafum
610 3534 654 3588 alii
666 3540 734 3589 inter
746 3553 820 3590 mare
867 3538 975 3592 extudit
986 3537 1053 3590 Vide
1061 3539 1121 3591 Gul.
1134 3541 1283 3592 Forverium
1295 3539 1329 3591 l).
1338 3537 1368 3590 ad

309 3625 472 3680 ter-ramum
487 3613 586 3685 inepte,
599 3610 682 3682 inquit
693 3611 817 3666 Sebottnt.
868 3617 895 3666 L.
906 3616 944 3684 34.
957 3615 989 3669 Et
1003 3637 1061 3668 mor
1069 3617 1196 3670 absconde
1205 3635 1251 3688 pro
1259 3615 1368 3669 absm-

344 3714 367 3743 2.
391 3689 447 3761 Qui
471 3692 550 3742 etiam
580 3691 646 3741 inter
668 3691 817 3762 naufragio.
869 3693 1023 3747 ditSrlrou.

311 3769 464 3822 Membrana
482 3787 489 3822 :
507 3766 643 3820 Delicatus
665 3769 749 3831 diret,
775 3771 821 3838 qui
900 3770 924 3832 4.
948 3771 1043 3823 Vnum
1062 3773 1152 3823 indes.
1175 3769 1289 3838 Quidam
1311 3768 1368 3821 liber

311 3866 402 3900 amare
409 3850 489 3899 eliam
499 3845 738 3917 notgfmginpnlest.
752 3847 816 3898 Gm·
867 3850 964 3899 inultus
975 3847 1048 3918 legitt
1059 3859 1082 3900 et
1093 3848 1183 3900 rectius
1193 3849 1267 3901 forle.
1279 3849 1368 3900 noeros

309 3929 408 3978 novius.
866 3924 906 3976 vir
919 3939 1001 3977 umen
1014 3935 1102 3978 mulus
1112 3926 1219 3999 reponit.
1233 3925 1334 3978 Sciron.

344 4001 367 4052 3.
380 4002 547 4054 Matrimonii
556 4000 737 4054 celebritatem.
749 4001 818 4053 Mn·
900 4006 923 4055 5.
937 4004 1115 4074 Naufragium
1127 4007 1187 4057 duo.
1197 4005 1275 4059 Forte
1284 4003 1366 4057 malins

310 4081 459 4134 trintone'rtm
465 4083 609 4135 celebritate
614 4081 691 4134 llerv.
704 4080 731 4133 in
743 4080 818 4133 altera
868 4082 1035 4152 navifragum.
1048 4081 1143 4135 Sciron.
