2878 4816
307 501 369 566 ¹9⁰
624 474 671 537 M.
697 469 843 538 ANNE-1
867 465 1048 537 SENECAE

302 627 370 696 qua
387 623 463 670 cum
477 599 570 683 siro,
590 601 696 692 periit
708 599 901 692 aliquanto
917 599 994 666 siro
1013 625 1021 664 ι
1039 597 1116 666 illas
1132 614 1246 666 tamen
1264 600 1373 666 omnis

302 736 380 790 aetas
398 715 598 800 honorabit,
621 739 720 785 omne
739 715 925 786 celebrabit
944 717 1139 810 ingenium·
1154 719 1235 800 Fer,
1264 739 1371 796 woer,

304 837 496 906 felicitatem
512 837 800 926 tuam¹3maguum
813 831 876 900 tibi
888 855 989 924 quam
1003 855 1107 925 parvo
1119 835 1252 902 constat
1262 855 1374 900 exem-

300 951 415 1050 plum!
437 955 473 1019 in
499 950 666 1043 reliquum
684 947 918 1043 diligentiores
944 949 1023 1016 facti
1045 973 1158 1017 sumus
1185 975 1193 1015 ε
1221 971 1371 1016 errorem

301 1087 453 1140 nostrum
470 1067 695 1151 confitentum
717 1065 888 1134 exciderat
908 1065 1123 1156 jurantibus,
1145 1087 1217 1133 esse
1234 1067 1372 1132 tertium

300 1187 360 1278 qui
374 1184 482 1277 magis
490 1185 633 1250 smaret²
645 1205 653 1246 t
667 1180 728 1261 sic,
743 1177 807 1260 dii,
823 1179 867 1246 sit
880 1201 1026 1271 semper.
1044 1181 1242 1258 Persevera,
1259 1199 1369 1257 socer,

302 1301 417 1392 recipe
430 1297 535 1368 filiam
552 1322 560 1362 :
578 1319 642 1387 ego
656 1296 715 1385 qui
729 1295 888 1388 peceavi,
905 1315 1004 1387 poena
1019 1291 1250 1385 dignoscam,
1267 1312 1373 1384 quare

304 1433 409 1482 uxore
433 1425 573 1490 necata,
595 1431 712 1477 socero
730 1431 831 1476 eausa
858 1407 921 1486 sim
944 1407 1126 1475 orbitatis?
1146 1407 1326 1475 Discedam
1353 1429 1373 1482 e

303 1529 451 1614 civitate,
469 1526 608 1618 fugiam,
626 1523 768 1594 exulabo
789 1538 997 1614 :utcumque
1013 1539 1145 1616 potero,
1164 1522 1373 1591 desidorium

306 1648 428 1716 misera
452 1659 486 1710 et
510 1639 642 1710 cnrdeli
661 1641 826 1732 patientia
842 1639 1026 1731 perferam.
1047 1643 1215 1722 Monesen,
1237 1641 1265 1706 si
1283 1640 1373 1708 solus

306 1763 489 1834 moriturus
507 1779 627 1825 essem.
655 1754 874 1823 Declamabat
903 1745 1013 1824 antem
1033 1758 1121 1822 Naso
1140 1772 1373 1824 rarocoutro-

305 1878 453 1958 versiae,
473 1873 533 1940 sed
561 1895 630 1943 non
650 1871 717 1938 nisi
745 1869 876 1940 ethicas
898 1897 905 1934 ι
928 1869 1090 1937 libentius
1107 1870 1242 1941 dicebat
1259 1893 1375 1938 suaso-

305 1992 387 2060 tias.
408 1989 551 2058 Molesta
574 1986 624 2054 illi
653 2001 726 2054 erat
746 1987 856 2054 omnis
873 1987 1120 2076 argumentatio
1142 2011 1150 2052 ι
1170 1985 1286 2054 verbis
1305 1987 1375 2052 mi-

306 2110 399 2175 nime
408 2106 551 2173 licenter
563 2125 644 2170 usus
655 2116 723 2186 eat,
741 2101 807 2169 nisi
823 2103 860 2167 in
874 2100 1101 2182 carminibus,
1118 2103 1152 2168 in
1168 2103 1292 2193 quibus
1305 2127 1375 2176 non

309 2220 479 2314 ignoravit
497 2217 580 2286 sitia
593 2239 671 2296 sua,
688 2214 901 2282 redamavit.
918 2216 1136 2282 Manifestum
1155 2231 1373 2308 potestesse,

308 2334 401 2429 quod
429 2349 565 2426 rogatus
586 2329 779 2423 aliquando
791 2331 834 2398 ab
852 2331 970 2398 amicis
989 2331 1079 2414 suis,
1099 2347 1137 2398 ut
1153 2331 1286 2400 tollerat
1307 2349 1377 2402 tres

308 2475 443 2537 versus,
465 2451 610 2518 invicem
637 2448 754 2541 petiit,
775 2463 813 2514 ut
832 2447 904 2539 ipse
928 2462 997 2516 tres
1023 2449 1215 2540 exciperet,
1237 2450 1377 2540 inquot

307 2685 379 2754 tolli
395 2685 522 2764 vallent
537 2697 683 2766 secreto,
704 2678 763 2747 hio
780 2703 866 2770 quos
885 2695 974 2748 tutos
988 2701 1061 2748 esse
1080 2679 1192 2748 vellet.
1213 2681 1253 2747 ln
1268 2678 1379 2747 utris-

308 2825 375 2893 que
401 2800 567 2873 codicillis
593 2798 698 2866 iidem
729 2810 997 2864 retruserant:
1024 2818 1064 2876 ex
1082 2796 1207 2888 quibus
1229 2797 1376 2889 primum

308 2917 412 2984 fuisse
437 2912 595 2984 narrabat
621 2911 855 2982 Albinovanus
878 2911 993 2999 Pedo,
1026 2913 1084 3004 qni
1121 2914 1210 2991 inter
1233 2913 1379 2982 arbitror

309 3026 395 3098 fuit³
417 3059 424 3098 :
1373 3019 1377 3027 ¹

492 3138 704 3209 semibovemque
717 3138 800 3192 virum
808 3140 829 3204 ⁴,
842 3139 1037 3210 semivirumque
1048 3138 1148 3192 bovem·
1165 3209 1167 3214 ,

310 3247 501 3318 Secundum
524 3273 531 3312 ε

392 3377 395 3384 ’
489 3375 622 3448 Egclidum
635 3375 752 3438 Borean,
766 3373 945 3448 egelidumque
958 3376 1062 3428 Notum.

348 3543 369 3574 ι.
386 3523 451 3587 Fer,
469 3543 553 3588 socer,
562 3524 721 3596 felicitatem
740 3532 822 3575 luam.
862 3518 946 3574 'Pater
963 3539 1024 3575 vcro
1047 3540 1133 3573 amore
1153 3540 1214 3594 erga
1237 3517 1318 3574 liliam
1341 3521 1379 3575 illi

313 3601 431 3666 schottus
451 3601 478 3654 in
497 3601 652 3664 variantibus
663 3600 747 3673 ‚legitj
763 3615 822 3669 μη
870 3617 944 3662 musa
958 3599 1056 3654 alato.
1069 3597 1168 3654 Schult.

312 3691 409 3748 catriae,
421 3677 516 3748 inquit,
531 3677 639 3730 formula
652 3676 762 3748 jurandi.
775 3677 821 3729 lll-
902 3677 927 3728 3.
944 3675 1000 3746 Qui
1011 3681 1078 3730 inter
1088 3678 1220 3743 arbitms;
1231 3691 1256 3731 et
1267 3679 1379 3746 amicos,

313 3771 395 3810 terum
416 3755 514 3808 melius.
539 3755 582 3808 stc
605 3754 672 3826 apud
696 3753 820 3807 Fabium:
870 3763 897 3804 ut
913 3765 981 3825 patet
1002 3773 1030 3806 ex
1052 3752 1132 3826 elegia
1151 3770 1196 3818 1x3
1213 3755 1246 3808 ad
1262 3755 1380 3809 cumdem

314 3839 439 3908 «Rogant
451 3847 488 3900 te,
502 3833 595 3898 ΕΜ,
611 3832 701 3886 Gallie
714 3845 777 3897 tue,
794 3845 822 3891 ct
869 3830 972 3903 scripta,
992 3844 1016 3884 et
1033 3831 1079 3884 ult.
1090 3831 1107 3887 l.
1121 3831 1158 3887 lv
1171 3831 1202 3886 de
1215 3834 1316 3901 Ponto;
1330 3855 1381 3905 quo

313 3913 458 3967 felicitatem
465 3924 533 3965 tuam
542 3909 732 3962 sociassem.»
741 3908 820 3962 Gmn.
869 3908 919 3961 loci
931 3909 1007 3962 ctiam
1015 3909 1141 3964 sidereum
1151 3912 1269 3983 appellat.
1281 3915 1310 3965 L.
1320 3933 1380 3966 vero

348 4015 371 4048 a.
383 3991 452 4045 Esse
462 3993 575 4050 tertium,
587 3991 634 4055 qui
642 3990 729 4055 magis
739 4007 822 4040 ama-
871 3987 974 4049 Seneca,
987 3987 1065 4060 Epist.
1077 4002 1178 4053 cxxtu,
1193 3989 1269 4042 ctiam
1282 3991 1381 4064 elegan-

313 4081 360 4124 νεὶ.
372 4069 447 4124 Pater
456 4069 524 4120 enim
536 4062 686 4139 prohibebat
695 4063 727 4115 ab
737 4063 821 4128 exitio,
871 4064 996 4118 tissimum
1019 4063 1184 4121 fabulatorem
1203 4068 1281 4122 luisse
1300 4083 1382 4124 notat.

314 4150 343 4202 iu
352 4149 422 4224 quod
433 4165 518 4201 amore
528 4143 567 4198 mi
576 4140 732 4233 propellebat
740 4140 823 4193 marl·
871 4144 908 4203 Ν.
920 4143 1019 4198 raher.

315 4239 366 4289 tua,
380 4226 424 4294 qui
442 4245 514 4278 causa
533 4221 638 4297 proinde
657 4219 744 4274 mortis
764 4232 823 4274 arat.
905 4219 929 4284 4.
945 4219 1153 4293 d'emt'boremqtoe
1171 4227 1267 4278 virum.
1288 4227 1380 4280 lllino·
