2874 4768
281 360 513 428 uxonssrt
536 361 699 430 conus.
725 364 806 432 un.
833 368 883 448 v,
912 366 943 432 s.
1083 368 1143 454 541

60 555 1141 591 W

285 683 804 773 CONTROVERSIA
845 686 933 773 111.

375 891 533 940 sturnus
560 891 855 942 stucstnttst'AE.
950 911 952 916 ’

320 1042 422 1101 Acrto.
441 1040 524 1103 Male
547 1045 741 1104 tractationis¹
765 1046 802 1103 sit
823 1047 906 1105 sotio.
1045 1117 1050 1152 Ι

58 1171 192 1233 Tuum.
216 1171 295 1233 Duos
307 1169 392 1254 filios
413 1173 527 1254 qudam
551 1176 763 1254 pancratiastas
794 1177 931 1248 ιἠετιῖιαῖ,
957 1179 999 1260 od
1017 1178 1150 1259 Olympio

107 1275 225 1335 edrsoit.
237 1273 332 1356 Quum
341 1275 491 1353 compositi
500 1285 600 1348 esseut,
612 1285 643 1333 ut
651 1277 913 1356 simulpugnorent;
923 1281 1041 1338 occessit
1050 1281 1151 1363 adpu-

106 1386 232 1454 gmntes
238 1385 331 1456 pour,
349 1385 378 1433 et
390 1376 434 1434 oit
446 1375 643 1435 abdicaturum
656 1397 705 1446 se,
720 1378 749 1436 si
758 1377 818 1458 quis
828 1377 991 1456 perdiderit.
1004 1379 1150 1442 Commor-

109 1475 160 1533 tut'
170 1471 376 1554 suutjwenes,
393 1481 423 1531 et
436 1473 543 1532 decreti
553 1483 620 1532 suut
632 1474 677 1534 itis
690 1474 807 1534 bonores
820 1473 915 1535 divini.
931 1474 1008 1537 Reus
1013 1474 1058 1558 fit
1068 1489 1152 1558 poter

111 1572 204 1632 mola
216 1570 393 1631 metanoeis
406 1570 443 1628 ob
459 1592 557 1631 umore.

120 1729 309 1801 CONTRA
325 1731 525 1802 PATREM.
542 1732 681 1801 Tertius
706 1731 778 1800 sine
802 1748 893 1801 sorte
912 1736 1091 1826 pugnasti,
1115 1751 1149 1803 et

63 1861 259 1940 utrumque
281 1845 407 1913 vicisti.
435 1845 538 1914 Stetit
560 1862 721 1916 cruentus
740 1841 848 1942 pater.
865 1850 939 1918 Jam
952 1853 1146 1944 perierant,

66 1979 106 2031 et
120 1961 237 2030 adbuc
250 1961 457 2030 minabatur.
474 1964 684 2046 Moriuntur,
696 1981 769 2032 'non
782 1964 871 2033 alter
887 1964 931 2040 ab
942 1965 1068 2055 altero,
1088 1966 1150 2035 sed

67 2095 221 2171 uterque
244 2103 265 2147 a
288 2094 399 2173 putre.
425 2079 552 2147 Misera
575 2096 684 2150 maten
706 2080 816 2149 odisse
840 2105 908 2150 non
930 2097 1062 2175 potest,
1089 2085 1149 2175 qul

67 2197 185 2266 filium
200 2219 299 2265 snum
318 2194 456 2264 occidit.
480 2197 628 2265 Iuvenes
641 2198 785 2282 invicti,
801 2199 868 2265 nisi
879 2197 1076 2288 habuissent
1089 2224 1148 2294 pa·

68 2330 176 2382 trem.
188 2312 241 2380 Pii
251 2312 408 2404 juvenes,
424 2334 489 2380 nec
502 2312 723 2404 parricidium
738 2314 826 2407 patri
839 2337 966 2406 negare
976 2317 1144 2408 potuistis.

68 2431 225 2497 Vincere
237 2443 379 2522 propter
396 2425 620 2520 parricidium
637 2428 775 2514 nolunt,
790 2428 881 2496 vinci
894 2445 1036 2522 propter
1048 2432 1148 2502 sbdi-

70 2543 256 2616 cationem.
283 2542 437 2628 Abdico,
463 2542 595 2638 inquit,
619 2567 696 2610 eum
709 2541 771 2635 qui
782 2543 892 2611 victus
903 2543 980 2612 erit.
999 2547 1146 2617 Demens

69 2658 251 2728 meliorem
269 2656 489 2727 abdicaturus
506 2681 554 2726 es.
578 2660 703 2727 Invoco
721 2661 859 2746 iovem,
875 2661 973 2753 cujus
987 2661 1146 2758 Olympia

70 2775 271 2872 parricidiis
284 2774 438 2878 absoluta
454 2790 545 2843 sunt.

123 2941 235 3010 PARS
255 2937 447 3010 ALTERA.
465 2941 542 3007 Non
557 2933 707 3008 lac'turus
720 2938 790 3009 dixi
808 2967 815 3008 t
831 2943 905 3010 etsi
919 2942 1144 3040 facturuspro

72 3055 315 3148 gloriosorum
326 3052 410 3132 diri.
426 3055 504 3122 Non
517 3052 1023 3142 debeoininvidiasolusesse,
1040 3083 1145 3150 quum
1243 3055 1245 3061 ’
1343 3085 1347 3101 *

71 3169 186 3238 luctus
208 3167 394 3236 communis
418 3168 476 3235 sit.
501 3167 629 3236 Omnes
652 3167 787 3236 aiebant
804 3168 991 3239 collusuros
1007 3171 1141 3246 iratres.

72 3286 225 3355 Minatus
238 3309 311 3354 sum
318 3335 330 3370 ,
347 3309 416 3378 non
430 3299 469 3351 ut
481 3285 714 3353 necessitatem
729 3285 810 3353 filiis
824 3285 1068 3379 imponerem²,
1084 3289 1145 3359 sed

73 3421 113 3474 ut
126 3402 252 3499 populo
266 3395 503 3471 satisfacerem.

111 3588 133 3621 r.
152 3565 238 3620 Mate
253 3569 424 3621 tractationis.
444 3567 527 3636 Quom
542 3585 586 3636 per
669 3585 692 3619 a.
704 3565 765 3618 Non
781 3573 810 3616 ut
826 3569 1002 3620 necessitatem
1004 3569 1077 3637 filiis
1089 3571 1146 3621 im-

75 3647 133 3712 iqls
142 3647 376 3698 moktroctotionis
387 3643 462 3696 unica
473 3663 534 3696 voce
543 3643 588 3696 elii
632 3663 762 3713 ponerem.
777 3645 850 3698 Voss.
862 3665 914 3697 non
930 3646 1036 3715 utfiiiis
1048 3657 1146 3698 metum

76 3721 197 3775 scribunt.
208 3720 280 3774 ldem
290 3733 467 3793 argumentum
478 3721 522 3772 lib.
536 3721 587 3784 111,
636 3725 798 3788 imponerem.
815 3723 848 3773 Et
867 3721 917 3775 hoc
937 3721 1072 3774 ostendunt
1084 3721 1146 3792 qui-

74 3799 193 3853 Deelam.
213 3801 246 3860 8,
266 3809 291 3850 et
307 3797 354 3850 lib.
369 3799 587 3864 1v,1)eelam.t‚
638 3801 696 3853 dstu
718 3801 784 3873 apud
805 3802 951 3853 Gruterum.
970 3800 1084 3852 Justinus
1101 3799 1146 3852 lib.

76 3895 153 3949 quarn
163 3873 291 3928 actionem
302 3887 326 3927 et
335 3895 397 3928 uxor
405 3876 536 3930 instituere
545 3896 590 3950 po·
640 3878 752 3930 xxxlv
763 3898 769 3932 :
782 3879 838 3938 «Ut
856 3877 905 3930 hoo
923 3877 1035 3950 exemplo
1051 3877 1148 3930 cetenis

76 3965 135 4021 test,
146 3954 168 4006 si
181 3952 245 4024 qnid
260 3967 328 4026 pater
342 3954 469 4006 crudelius
483 3954 510 4006 in
524 3952 590 4006 filias
639 3954 781 4009 civitatibus
789 3971 870 4008 metus
878 3974 1093 4007 novarumrernm
1101 3955 1149 4007 im·

75 4034 212 4088 admiserit.
222 4033 289 4086 Vide
299 4032 409 4102 Quintil.
421 4034 439 4086 l.
449 4034 515 4100 vlt,
529 4054 550 4086 c.
562 4035 591 4102 ⁴,
640 4046 802 4104 poneretur.»
817 4034 866 4086 llic
877 4043 975 4102 metum
985 4031 1098 4104 intellige
1107 4043 1149 4096 τῆς

75 4127 98 4166 et
107 4113 235 4167 Controv.
246 4132 261 4164 a
274 4124 390 4186 extreme.
400 4111 498 4166 Sebott.
641 4117 721 4173 ἥττης.
734 4110 845 4165 Gronov.
