2842 4812
300 463 365 550 298
617 461 663 524 Μ.
690 457 834 524 annm
859 457 1038 526 sannen

347 587 448 653 Hrsso
465 588 626 654 Romanos
646 584 797 678 ejusdem
822 586 956 678 generis
974 609 1043 652 rem
1062 581 1146 654 dixit
1162 615 1171 655 ι
1187 589 1339 672 Ostende,

301 722 460 780 noverca,
480 697 619 766 ostende
636 696 673 765 id
689 696 781 790 quod
799 715 928 768 amator
947 715 1024 768 tuus
1042 701 1228 786 vellicavit„

346 817 460 882 Btssos
489 817 664 883 susumus
692 812 776 882 dixit
801 840 808 880 :
835 816 994 885 Maritum
1013 816 1158 901 occidit,
1176 816 1338 885 adulteram

303 927 450 997 strinxit.
1167 991 1169 995 ⁸

350 1043 396 1109 Ex
415 1039 482 1109 iilis
499 1043 630 1132 quires
647 1043 778 1135 ineptas
795 1040 968 1128 dixerant,
988 1044 1117 1136 primus
1135 1042 1182 1111 ibi
1195 1059 1267 1112 ante
1281 1065 1341 1109 om·

193 1190 195 1196 ¹
301 1180 361 1224 nes
372 1159 464 1224 Musa
477 1173 601 1225 vester.
618 1157 734 1250 Quum
748 1157 871 1226 vulnus
884 1182 1036 1228 novercas
1046 1159 1279 1255 descripsisset,
1291 1156 1341 1224 ad-

295 1273 379 1364 jecit
404 1300 412 1340 :
435 1272 480 1341 At
502 1272 685 1374 Hercules,
705 1289 802 1367 pater
819 1298 913 1343 meus
932 1289 1088 1370 tanquam
1107 1278 1216 1370 paries
1231 1273 1342 1369 perins-

301 1413 359 1456 sus
375 1404 435 1457 est.
1095 1453 1098 1462 ,

350 1501 566 1572 Memnonias
584 1504 838 1572 :Patrocinium
857 1519 953 1596 putat
966 1529 1053 1592 esse,
1070 1503 1162 1599 quod
1177 1524 1341 1574 mucosus

303 1622 501 1712 sanguinem
521 1620 646 1686 misit¹.

347 1740 454 1804 Nasos
470 1737 618 1803 Incnnm
631 1738 680 1802 ait
699 1760 707 1802 :
723 1737 799 1804 Non
817 1753 868 1806 est
882 1735 973 1804 istud
988 1737 1111 1806 vuinus
1120 1788 1132 1824 ,
1147 1737 1205 1806 sed
1218 1735 1341 1804 ludentis

300 1827 446 1948 adniteri
465 1871 606 1916 morsus.
965 1913 968 1922 ,

349 1968 508 2034 Sensimus
538 1989 578 2032 ex
602 1964 659 2032 illa
674 1964 851 2032 stultorum
870 1969 969 2034 nota¹
993 1968 1191 2035 sententiam
1209 1963 1338 2059 protulit.

302 2085 378 2149 Non
390 2080 595 2162 vulneravit,
620 2081 749 2169 inquit,
770 2103 970 2162 novercam,
988 2080 1048 2149 sed
1061 2083 1190 2150 viriani
1204 2079 1341 2170 sanguino
1373 2119 1381 2130 ·

199 2247 204 2258 ι
303 2198 470 2289 aspersit:
488 2219 591 2287 quum
613 2195 684 2262 iliic
698 2193 874 2264 vulnerata
888 2213 1047 2289 ponatur.

353 2313 517 2388 mews,
548 2311 750 2377 exactissimi
775 2312 828 2379 vir
849 2310 1000 2402 ingenii,
1023 2312 1082 2402 qui
1102 2335 1166 2380 nec
1181 2309 1285 2379 dicere
1300 2329 1342 2374 res

304 2429 453 2520 ineptas,
474 2449 538 2494 nec
558 2425 646 2494 serre
662 2441 815 2519 poterat,
836 2427 965 2496 solebat
983 2425 1073 2494 hano
1090 2426 1279 2495 sententiam
1293 2423 1341 2491 Se·
1375 2449 1380 2460 ¹

305 2544 396 2610 niani
414 2541 591 2626 deridere,
612 2557 647 2610 ct
664 2541 806 2609 similem
820 2542 871 2609 ilii
886 2541 1015 2610 referre
1029 2543 1066 2610 in
1078 2545 1228 2612 oratione
1240 2539 1343 2608 dictam

306 2659 458 2726 Montani
477 2654 650 2727 Votieni³.
671 2660 831 2726 Sarranus
858 2658 894 2724 in
914 2657 979 2726 hac
1002 2658 1120 2727 eadem
1142 2653 1345 2726 controversia

306 2773 436 2840 dixerat
447 2771 556 2840 :Nihil
569 2797 674 2864 puero
685 2789 735 2841 est
746 2789 830 2840 teste
842 2775 979 2859 certius,
992 2775 1111 2866 utique
1124 2769 1342 2867 ‘quinquenni-

207 2969 214 2978 '
306 2891 389 2955 Nam
409 2887 502 2956 etad
520 2911 577 2954 eos
594 2890 752 2978 pervenit
763 2912 890 2973 annos,
911 2905 950 2958 ut
966 2889 1133 2985 intelligat
1150 2917 1156 2957 :
1174 2907 1206 2958 et
1218 2885 1345 2958 nondum

307 3001 351 3070 ad
369 3027 442 3084 eos,
458 3002 582 3094 quibus
596 3003 712 3094 fingat.
730 3006 773 3070 Et
786 3004 859 3073 baeo
873 2998 1061 3092 definitio⁵,
1079 3009 1208 3098 inquit,
1224 2998 1345 3074 ridicula

343 3200 363 3237 ι,
379 3177 559 3231 Patrocinium
568 3189 647 3252 putat
663 3199 734 3244 csse,
744 3183 815 3247 quod
895 3202 919 3233 2.
931 3181 980 3234 Ex
992 3183 1042 3235 itia
1055 3185 1194 3236 stultos-ram
1205 3191 1270 3234 nota.
1282 3178 1346 3230 idest

306 3273 392 3310 causa
411 3274 466 3307 snoe
481 3259 634 3325 sangninem
654 3259 734 3309 misit.
751 3256 812 3328 Legi
860 3259 966 3325 ordine,
981 3261 1072 3311 classe.
1093 3257 1133 3313 Gi.
1149 3260 1266 3313 Senecam
1283 3253 1345 3326 Epist.

307 3333 810 3404 vultGronovinsquodcmicoesuoe‚ctc.
861 3349 907 3386 tn.
929 3332 1008 3388 Paulo
1029 3347 1085 3406 post
1101 3355 1175 3388 umu
1195 3335 1276 3388 eodem
1289 3331 1363 3382 'color¹

307 3414 383 3464 Notat
395 3421 482 3466 autem
500 3411 694 3485 Schultingius:
707 3411 813 3463 Distin-
861 3411 957 3465 ibidem
971 3411 1214 3484 reperitur·Scim1t.

309 3510 428 3562 gnosum
447 3491 580 3546 Gronovio
601 3504 625 3543 et
638 3490 732 3562 explico
745 3510 814 3559 quo·
895 3489 919 3542 3.
929 3489 1051 3542 Similem
1063 3491 1107 3542 iiii
1117 3488 1206 3561 referre
1217 3493 1242 3540 in
1251 3485 1347 3540 oratione

307 3589 373 3640 que3
386 3568 435 3642 nisi
443 3569 510 3640 quod
524 3582 608 3641 putem
622 3581 738 3641 preterea
750 3567 815 3619 sub·
863 3561 962 3620 dictans
970 3567 1096 3619 Montani
1108 3566 1220 3618 Votieni.
1229 3559 1347 3634 QuamSt·

308 3645 507 3698 tilitatsmisttm
522 3646 627 3698 nimiam
639 3645 816 3700 Rhetorisboe
864 3663 925 3697 nora
936 3663 989 3696 non
1001 3643 1092 3716 posuit.
1103 3643 1141 3696 Ex
1152 3642 1238 3696 eadem
1252 3636 1347 3706 oratione
1405 3645 1407 3656 ’

309 3746 409 3798 quoque
432 3723 575 3795 significatu
598 3724 727 3789 voluisse,
756 3723 815 3775 dant
864 3721 941 3773 refert
952 3720 1011 3772 dein
1022 3719 1106 3775 eiiam.
1118 3717 1229 3774 Schuitv
1287 3785 1310 3799 ..

309 3803 420 3856 colorent
436 3819 515 3854 cansm
526 3818 577 3852 sure
591 3801 694 3870 querit,
709 3818 762 3850 eam
774 3800 817 3852 in·
898 3800 921 3863 4.
937 3797 1033 3864 Utiqroe
1044 3799 1209 3865 quinquenni.
1224 3795 1294 3862 Atqui
1304 3804 1348 3837 sn-

307 3879 427 3934 firmasso.
439 3881 493 3951 lpse
506 3879 575 3929 enim
589 3877 637 3929 hoe
650 3875 699 3928 tevi
712 3897 740 3928 ex
754 3874 811 3927 vul·
864 3875 951 3950 puberi
959 3875 1127 3928 testiminime
1134 3868 1348 3935 uadendumdqn

309 3955 367 4011 nere
387 3957 511 4011 Rhetores
528 3967 704 4027 argumentum
724 3953 813 4026 passim
864 3951 933 4005 tutia
946 3952 977 4005 de
990 3953 1015 4004 vi
1029 3963 1137 4007 cavetur.
1151 3951 1169 4004 l.
1184 3949 1276 4004 testium
1291 3964 1309 3996 ¹·
1320 3941 1347 3992 D·

308 4047 396 4107 potunt
406 4035 524 4088 adversus
532 4033 727 4104 procuratorem.
737 4028 815 4082 lnfir·
865 4033 897 4085 de‘
907 4031 987 4084 testib.
999 4031 1094 4085 Scitote.

285 4175 289 4180 Ι
309 4107 816 4181 mitasvcroitidcmamissionesangui·
898 4112 921 4162 5.
935 4109 973 4162 Et
987 4110 1040 4164 ἦα
1061 4110 1182 4182 definitio.
1198 4105 1289 4174 Nempe
1305 4113 1347 4184 titt

312 4192 350 4244 nis
361 4192 448 4248 oritur.
866 4176 1345 4254 tantumilludridieolum,quoddixit:
