2894 4784
345 401 650 490 sussoninuunr
673 421 822 504 nunu,
851 429 881 487 s.
1082 423 1145 513 6⁵7

61 551 183 646 Apud
209 552 374 619 Caesarcm
390 572 495 642 quum
514 549 641 619 mentio
658 561 745 614 esset
761 546 803 613 de
819 549 959 640 ingenio
979 550 1149 634 ¹Haterii,
1238 553 1245 570 ⁸

58 665 326 738 consuetudine
351 663 528 756 prolapsus
551 659 662 728 dixit:
686 665 728 728 Et
752 660 810 727 ille
834 663 900 728 erit
925 663 1036 729 Plena
1058 667 1146 730 Deo.

61 782 260 878 Quaerenti
277 779 402 849 deinde
418 777 502 870 quid
518 777 584 845 hoc
606 800 679 844 esse
704 776 828 861 vellet,
853 800 985 844 versum
1012 780 1150 872 Virgilii

63 899 219 980 retulit,
239 913 274 965 et
289 895 457 990 quomodo
472 895 538 962 hoc
555 891 660 960 semel
674 891 739 959 sibi
754 891 847 986 apud
863 894 1040 962 Messalam
1057 895 1151 962 exci-

66 1016 215 1098 disset3
237 1028 270 1080 et
287 1034 462 1103 nunquam
484 1025 599 1104 postea
617 1009 783 1100 potuisset
807 1007 962 1078 excidere
977 1010 1016 1075 Ῥ
1042 1005 1152 1078 Tibe·
1240 1040 1244 1051 ·

68 1131 157 1197 rius
168 1129 242 1222 ipse
256 1126 478 1196 Theodoreus
492 1121 725 1192 offendebatur
738 1124 867 1192 Nicetis
881 1127 1036 1219 ingenio,
1051 1140 1153 1218 utque

71 1245 273 1314 delectatus
293 1257 345 1310 est
363 1239 476 1308 fabula
497 1237 663 1308 Gallionis
683 1264 691 1304 ε
708 1238 774 1306 hoo
791 1255 903 1308 autem
919 1239 1053 1309 dicebat
1069 1242 1154 1310 Gol-

15 1423 24 1428 .
73 1363 152 1444 lio,
171 1359 297 1428 Nasoni
315 1351 399 1428 suo⁵
417 1354 516 1424 valde
531 1354 697 1446 placuisse
715 1356 854 1446 :itaque
872 1357 991 1426 fecisse
1011 1358 1103 1449 quod
1118 1359 1157 1426 in'

75 1475 204 1544 multis
230 1473 306 1540 aliis
330 1469 484 1560 versibus
505 1469 670 1558 Virgilius
691 1469 833 1552 feceret,
850 1495 923 1540 non
947 1475 1156 1566 surripiendi

76 1615 210 1673 causo,
226 1589 286 1657 sed
299 1587 410 1680 palam
427 1583 602 1667 unimodi,
618 1582 685 1653 hoc
697 1586 811 1654 animo
825 1603 864 1656 ut
877 1589 978 1658 vellet
989 1593 1129 1684 agnosci
1146 1617 1155 1657 s

78 1731 162 1778 esse
176 1697 288 1774 sutem
305 1705 342 1770 in
355 1691 532 1794 trogoedia⁴
552 1698 626 1792 ejus
647 1725 654 1766 ε
673 1702 781 1768 Feror
793 1700 865 1770 huc
879 1704 961 1772 illuc
970 1755 981 1791 ,
996 1721 1035 1774 ut
1046 1709 1157 1775 Plena

78 1827 177 1892 Deo.
204 1825 277 1890 iem
294 1820 396 1887 vultis
411 1817 456 1886 sd
474 1819 608 1886 Fuscum
631 1831 796 1899 revertur,
819 1835 853 1887 et
870 1812 1155 1916 descriptionibus

80 1943 164 2036 ejus
182 1962 243 2008 vos
264 1934 406 2006 satiabo.
434 1937 516 2003 Huc
533 1933 741 2024 potissimum
762 1957 802 2000 ex
819 1935 975 2028 hisquae
997 1939 1033 2007 in
1055 1941 1156 2008 simi·
1258 1965 1260 1968 ·

82 2051 247 2124 litudinis
267 2041 486 2120 tractatione⁵
501 2047 631 2140 posuit,
656 2072 763 2138 quum
784 2046 913 2119 diceret
931 2053 1068 2120 omnino
1087 2074 1155 2122 non

83 2194 284 2261 concessam
297 2167 487 2236 futurorum
506 2163 693 2234 scientiam.

67 2357 201 2428 ,calidum
229 2351 345 2406 dicebant
370 2347 475 2420 Augusti
498 2345 599 2400 seculo.
647 2360 828 2419 muszetqnae
845 2354 966 2406 memoris
985 2373 1038 2408 oon
1058 2356 1157 2412 retinet.

81 2439 147 2506 lpse
162 2432 236 2486 etiem
252 2430 380 2502 Angustus
398 2447 442 2499 per
461 2425 599 2498 Epistolsm
680 2427 703 2497 3
715 2429 821 2482 Nasoni
830 2433 975 2503 suo.Cujns
987 2435 1061 2487 etism
1079 2449 1156 2490 exstet

84 2514 120 2565 C.
131 2513 258 2564 cesarem
271 2519 387 2580 nepotem
400 2501 599 2574 coarguit,qnol
647 2507 737 2574 Elegit
749 2507 792 2560 lib.
803 2510 843 2561 lv
859 2511 891 2562 de
902 2511 985 2564 l’onlo
996 2512 1029 2568 erl
1039 2517 1156 2569 eumdem

84 2593 113 2644 is
124 2588 236 2642 calidum
243 2584 392 2655 scripsisse13
404 2581 521 2634 odiosum
531 2579 598 2630 enlm
646 2583 803 2637 Gallionem.
814 2585 849 2638 N.
861 2586 960 2641 faber.

87 2686 146 2722 esse
155 2666 203 2718 lsoc
213 2662 376 2722 rotabulum,
387 2673 412 2713 et
421 2662 542 2729 πιρίιργον
551 2679 599 2728 pu-
680 2663 704 2726 4.
723 2662 761 2714 In
772 2667 910 2730 smgoedau.
927 2665 1023 2720 Medea
1036 2669 1158 2727 hunaldu-

85 2744 153 2798 tesi.
170 2741 345 2811 Quintilianus
362 2737 407 2790 lib.
425 2739 523 2810 1,eep.
553 2757 596 2804 so,
646 2737 696 2792 bie·
711 2739 869 2794 Hencenim
882 2740 1007 2815 scripsisse
1024 2746 1155 2800 Nesouem

86 2833 186 2875 enetos.
193 2819 227 2871 N.
235 2817 331 2869 Faber·
648 2817 722 2871 docet
730 2817 833 2883 Fabius,
841 2819 946 2872 Institut.
955 2819 1000 2873 lib.
1010 2822 1043 2874 X.
1053 2821 1155 2876 Sotion.

127 2922 152 2952 ι.
162 2899 271 2968 Ingenio
289 2894 402 2948 Haterii.
420 2895 460 2948 De
478 2915 529 2963 quo
542 2895 600 2948 virle
682 2899 705 2949 5.
720 2893 798 2965 Quas
815 2899 844 2948 in
858 2899 1038 2952 similitudinis
1053 2911 1156 2956 tracta-

89 2978 219 3031 Controv.
235 2975 264 3026 13
274 3011 281 3038 ,
293 2973 320 3028 in
335 2986 435 3026 extrem·
447 2972 542 3026 Sabou.
650 2976 723 3026 tiosre.
736 2975 823 3046 Lego,
835 2979 943 3044 quasin
955 2979 1040 3030 simili
1053 2987 1156 3034 macla-
1182 3011 1186 3024 .

126 3074 151 3104 n.
159 3051 336 3121 Ιῦἰυιςμιαιη..κ
345 3052 600 3118 potuisseleoecidere.
651 3055 719 3102 tione
722 3053 818 3118 posuit.
825 3050 889 3102 Nem
900 3071 956 3120 quse
966 3054 1077 3124 sequitur
1084 3056 1156 3110 Sue-

92 3130 165 3184 Lusit
176 3141 248 3183 sente
259 3127 295 3181 ·in
306 3126 518 3199 embiguotnsrn
531 3128 607 3180 cxci:
651 3126 738 3190 soris,
768 3126 799 3179 de
828 3128 943 3180 Deorum
972 3131 1156 3201 providentie,

88 3211 161 3262 dunt
177 3225 233 3278 quse
249 3225 293 3276 per
306 3203 500 3277 imprudentiam
514 3204 603 3256 efferi·
652 3203 806 3274 scientisque
819 3205 898 3258 loturi
911 3219 1005 3262 tractet.
1016 3207 1051 3260 Ν.
1061 3208 1158 3264 Faber.

169 4253 203 4316 ¹l.
222 4255 335 4318 Seneca
346 4273 416 4328 pars
429 4252 561 4312 securata.
