2842 4812
295 389 359 454 seo
618 385 667 450 M.
693 380 839 452 ANNAEI
861 382 1042 460 SENECAE

344 514 506 586 Conuenit
522 515 671 580 Hrsrsnr.
689 510 767 578 Scio
795 509 956 602 quosdam
978 508 1209 604 periclitantes
1234 510 1287 580 illa
1298 515 1345 606 ja·
1393 567 1395 600 ;

295 646 398 700 ctare.
422 631 521 698 Nunc
538 629 685 720 primum
704 649 838 694 causam
864 624 964 714 dico;
987 624 1053 696 hoc
1077 652 1140 723 ego
1158 628 1269 698 dicere
1287 654 1344 697 non
1394 609 1396 694 l

296 772 429 842 possum
457 773 464 812 :
493 747 619 813 Iterum
644 765 724 812 reus
747 741 797 810 tui
814 769 822 810 ι
837 735 901 810 nee
926 741 1068 826 dubito,
1100 747 1184 836 quin
1208 744 1297 813 vobis
1314 748 1344 812 in
1395 817 1397 824 ,

297 865 413 934 odium
428 862 580 931 venerim
593 864 618 940 ¹,
639 884 743 952 quum
762 861 835 952 ipse
857 883 910 926 me
925 857 1075 928 oderim.'
1090 855 1091 860 ’
1397 953 1398 958 ¹

341 979 648 1047 PorcrrLsrnosrs.
665 974 1345 1068 Tercausamdixizaccessitadbaeesup·
1390 1045 1399 1060 ,

293 1093 394 1188 plicia
412 1118 486 1164 mea
502 1116 669 1166 venenum
687 1117 694 1158 :
711 1091 797 1160 hoc¹
822 1093 851 1160 si
874 1091 937 1162 tibi
964 1093 1043 1162 satis
1064 1115 1134 1164 non
1152 1109 1224 1175 est,
1237 1093 1342 1160 vium.

341 1259 521 1330 ALTERA
529 1259 654 1329 PARS.
668 1258 807 1327 Aesorrr
819 1260 904 1328 Srsr.
918 1241 1041 1328 Testor
1048 1259 1132 1329 deos
1144 1248 1343 1344 imnortalee

293 1379 358 1447 boc
376 1405 430 1448 me
454 1377 565 1448 tribus
586 1378 658 1470 jam
685 1378 811 1444 cavisse
829 1374 1125 1463 abdicationibus,
1145 1403 1190 1446 ne
1207 1376 1245 1446 in'
1258 1365 1344 1446 ¹doun

293 1517 372 1569 mea.
383 1515 550 1562 venenum
568 1489 873 1584 deprehenderem.
893 1489 1074 1562 Parricidii
1089 1514 1169 1562 reus
1183 1492 1278 1576 vivit,
1295 1491 1345 1586 qui

292 1611 489 1693 abdicatus,
514 1610 600 1706 speri
626 1603 745 1676 voluit.
772 1609 816 1676 In
841 1632 942 1700 quam
964 1623 1107 1702 angusto
1137 1609 1256 1680 domus
1278 1631 1346 1678 mee

294 1728 427 1800 [ortona
447 1716 559 1819 poeita'
576 1721 647 1792 est!
672 1738 730 1791 aut
755 1725 852 1817 patri
869 1724 1081 1818 pereundum
1103 1743 1180 1810 eat,
1199 1743 1256 1796 ent
1269 1725 1342 1796 filio.

293 1840 387 1934 Quid
407 1839 532 1921 babes,
554 1862 660 1930 quare
678 1862 732 1906 me
754 1841 838 1908 mori
856 1838 964 1909 velis?
980 1842 1110 1910 Vivunt
1126 1841 1223 1926 orbi,
1243 1843 1346 1920 vivont

292 1955 468 2048 naufragi,
495 1957 616 2025 vivunt
642 1955 742 2024 etiam
765 1955 889 2047 quibua
913 1957 1131 2050 contigerunt
1154 1958 1266 2028 liberi.
1286 1958 1347 2028 Ter

292 2072 485 2156 abdicatus,
498 2096 601 2165 quum
614 2095 650 2139 se
664 2072 752 2140 mori
766 2070 853 2140 velle
868 2063 987 2154 dicat³‚
1004 2075 1105 2141 vitam
1121 2091 1231 2168 rogat.
1242 2078 1346 2145 Teneo

293 2192 516 2286 parricidam,
543 2188 635 2281 quod
658 2201 817 2282 apparet,
840 2189 940 2256 etiam
965 2190 1114 2258 insuam
1133 2207 1274 2262 mortem
1289 2213 1345 2283 pa-

221 2389 226 2402 ·
290 2309 506 2375 ratissimum.
1163 2295 1164 2300 ἵ

340 2423 504 2490 comm
526 2425 677 2491 Hrsrtnr.
703 2418 815 2504 Nolite
840 2420 979 2504 mirari,
1000 2420 1028 2488 si
1045 2419 1178 2492 debitas
1192 2423 1345 2494 virendo-

292 2539 356 2606 lori
380 2560 455 2606 meo
481 2553 549 2609 uon
573 2534 759 2607 exhibuero
779 2559 786 2599 :
804 2534 913 2604 tribua
933 2535 1076 2626 judiciis
1100 2541 1231 2631 experti
1257 2539 1343 2624 estis,

291 2671 403 2748 patres
420 2642 579 2724 accusare
598 2675 666 2720 non
682 2673 793 2744 poseo.

337 2775 427 2840 vum
435 2775 534 2842 Ruri.
548 2769 664 2861 Quum
678 2783 807 2834 tantum
817 2766 973 2858 estquod
987 2768 1116 2858 fateris,
1128 2790 1288 2863 quantum
1302 2785 1346 2840 est

290 2886 381 2982 quod
394 2888 517 2979 negas?
526 2889 582 2952 Tu
594 2883 763 2953 venenum
778 2884 938 2974 quaesisti,
954 2901 992 2953 tu
1005 2891 1301 2972 remuneremini,
1314 2904 1346 2956 tu

289 3023 455 3070 venenum
470 2997 613 3066 intulisti
625 2997 662 3062 in
681 3018 754 3062 eam
772 2992 921 3082 domum,
944 2999 1062 3092 inqua
1076 3000 1227 3074 habebas
1242 3001 1346 3071 inimi·

288 3143 363 3188 cum
378 3133 525 3210 patrem,
543 3131 635 3182 recta
652 3114 754 3182 vitam
773 3112 913 3198 odisses,
934 3116 1039 3207 sijum
1058 3118 1120 3187 tibi
1134 3120 1344 3212 parricidium

286 3283 412 3358 scripsisse
430 3283 552 3337 Senecam
565 3302 571 3335 :
582 3305 595 3330 a
605 3282 665 3334 Non
681 3293 731 3332 tam
750 3281 795 3350 iu·
845 3301 970 3337 vencnum
983 3302 992 3336 .·
1003 3284 1061 3349 hoc,
1076 3299 1121 3339 ete.
1134 3288 1164 3340 ln
1179 3288 1218 3342 bis
1230 3287 1344 3357 suppletu

286 3364 399 3418 cundum
420 3376 487 3416 est.»
511 3363 548 3415 Ex
566 3381 612 3414 suo
633 3361 720 3414 animo
761 3381 796 3410 n-
845 3379 889 3431 pra
909 3361 980 3414 rebus
1000 3364 1199 3430 molestissimis,
1220 3365 1346 3419 submits-

285 3439 749 3516 gitsententiarn.Moriendiconsiliu
787 3488 791 3495 ,
845 3437 929 3500 tibus,
950 3440 1075 3512 inquam,
1098 3455 1124 3495 et
1144 3444 1253 3498 miseriis
1274 3440 1345 3514 ponii·

286 3522 353 3593 quod
372 3535 491 3592 tanquam
513 3519 630 3572 solatium
652 3531 794 3590 otpertum
846 3515 949 3568 Saluta.

285 3599 386 3654 conscia
408 3599 470 3652 recti
492 3597 541 3651 sibi
563 3611 646 3650 mente
666 3597 795 3670 amplexus
877 3595 901 3646 3.
916 3596 966 3650 Ter
980 3597 1135 3662 abdicatus,
1151 3617 1272 3667 quumse
1284 3597 1349 3652 muti

285 3673 791 3747 erat,mutavit‚quisjucundiusstism
842 3674 1344 3746 velledicalmitammgnbsensusnt:
1388 3685 1393 3704 ¹

287 3767 322 3808 est
334 3754 430 3805 miseris
441 3752 553 3806 delendi.
564 3751 667 3804 Schult-
842 3753 893 3803 Ter
903 3751 1042 3816 abdicatus,
1055 3754 1077 3808 si
1086 3755 1154 3810 dicat
1162 3756 1226 3809 mori
1235 3771 1262 3809 ss
1270 3753 1344 3818 velte,

303 3855 340 3887 «ι,
357 3833 429 3904 Quin
440 3832 513 3883 vobis
527 3833 555 3882 in
566 3833 658 3883 odium
670 3835 791 3884 venerim.
842 3851 920 3901 qum
944 3847 998 3904 post
1020 3835 1151 3908 repetitam
1167 3836 1344 3890 abdicatio-en

286 3915 372 3982 Quum
386 3909 456 3964 vobis
469 3909 541 3962 toties
559 3909 653 3981 negotii
672 3909 794 3978 lucendi,
846 3909 948 3980 vixerit,
966 3913 1080 3967 conscius
1100 3913 1148 3967 sibi
1166 3915 1212 3978 sit,
1234 3923 1342 3988 oportet,

282 3993 341 4043 dum
351 4010 463 4058 accusor,
475 4008 549 4042 causa
560 3991 654 4068 possim·
664 3990 741 4043 fuisse
752 3989 797 4042 vi·
845 3990 933 4061 magni
943 3989 1051 4063 alieuius
1062 3990 1151 4065 flagitii
1159 4005 1204 4060 ,et
1214 4011 1266 4064 qno
1275 4009 1343 4043 nor-

284 4069 345 4122 drri.
358 4067 462 4119 Salluis.
844 4081 895 4121 tem
906 4069 938 4121 sit
948 4071 1060 4125 meritus.
1075 4069 1125 4124 ssd
1137 4071 1287 4126 ntvideatur
1295 4068 1343 4122 mi-

318 4168 340 4201 2.
353 4149 465 4202 Accessit
476 4151 514 4200 ad
523 4149 575 4200 lac
592 4149 720 4214 supplicia
733 4165 793 4198 nisa
843 4144 978 4201 sericordia
989 4162 1014 4201 et
1025 4150 1074 4202 sits
1086 4149 1189 4222 dignus,
1202 4147 1276 4203 atilli
1286 4165 1343 4219 ptr-
