2878 4816
289 467 351 511 212
610 439 658 505 M.
684 436 829 536 ANJllAEl
852 434 1031 502 SENECAE

288 595 364 640 cum
383 590 449 661 quo
471 563 634 633 educatus
646 587 739 645 sum,
763 577 802 628 ut
816 559 913 628 dares
936 563 1050 629 istum.
1080 557 1249 653 Indignor
1266 562 1360 630 bane

290 685 386 753 fratri
404 706 479 750 meo
493 677 748 762 coutumeliam,
764 691 801 743 ut
814 673 917 766 hujus
930 689 1071 742 vocetur
1085 691 1192 767 pater.

337 797 404 870 Sed
423 814 462 866 ut
484 793 616 890 aliquid
633 794 751 887 joser,
776 791 903 860 Fabius
922 791 1106 874 Maximus¹
1126 790 1362 858 nobilissimus

289 919 343 986 vir
362 917 445 1003 luit,
465 916 526 1008 qui
550 913 681 1007 primus
706 908 779 976 foro
799 909 953 1005 Romano·
971 905 1064 975 bunc
1080 907 1250 976 vomicum
1265 931 1360 974 mor-

184 1099 189 1104 .
290 1033 407 1117 bum',
428 1053 495 1123 quo
513 1051 605 1096 nunc
623 1024 776 1106 laborat,
796 1022 938 1090 intulit:
955 1020 1000 1089 de
1018 1045 1087 1113 quo
1105 1023 1253 1092 Severus
1269 1023 1360 1088 Cas-

287 1156 382 1238 sius,
407 1169 588 1247 antequam
610 1148 655 1217 ab
682 1147 742 1214 illo
771 1169 852 1214 reus
875 1159 1052 1236 ageretur,
1075 1142 1206 1212 dixerat
1224 1143 1360 1236 :Quasi

288 1269 434 1337 disertus
458 1291 517 1353 es,
533 1265 645 1357 ,quasi
673 1260 841 1329 formosus
858 1283 912 1342 es,
932 1259 1028 1349 quasi
1054 1256 1148 1326 dives
1172 1281 1229 1342 es,
1252 1281 1361 1324 unum

290 1404 417 1458 tantum
434 1411 470 1456 es
484 1405 553 1453 non
569 1380 665 1474 quasi
676 1377 808 1470 alapam
817 1371 842 1445 ⁵.
853 1377 949 1442 Hanc
957 1373 1230 1441 ‘controversiam
1252 1397 1362 1464 quum

288 1503 492 1573 declamaret
514 1501 700 1578 Maurum,¹
716 1491 801 1560 dixit
823 1490 918 1581 quasi
946 1487 1100 1555 tricolum
1124 1479 1223 1571 utel,
1244 1487 1360 1579 qualia

290 1639 367 1689 sunt
391 1641 466 1712 quae
490 1612 664 1683 basilicam
694 1607 868 1675 infestant.
895 1603 1038 1672 Dicebat
1061 1619 1178 1671 ’autem
1196 1626 1215 1671 a
1233 1619 1360 1695 patre:

278 1757 405 1803 somnes
419 1727 552 1823 aliquid
567 1723 612 1792 ad
633 1747 695 1790 nos
708 1718 893 1801 imbecilli,
912 1716 999 1786 alter
1014 1718 1152 1788 alterius
1166 1741 1282 1799 onera,
1300 1717 1363 1785 de·

289 1849 442 1917 tulimus.
465 1841 652 1911 Accusatur
670 1852 766 1931 pater
788 1835 824 1902 in
842 1833 969 1928 ultimis
980 1832 1093 1916 annis,
1117 1855 1222 1925 nepos
1235 1833 1272 1899 in
1286 1834 1365 1925 pri-

292 1964 355 2028 mis
369 1957 546 2026 abdicatur
564 1979 571 2019 :
588 1951 703 2021 nullus
715 1965 847 2031 autem,
863 1949 944 2016 Haec
962 1947 1108 2015 subinde
1122 1947 1248 2032 refero,
1267 1949 1362 2038 quod

219 2099 223 2114 ’
291 2102 388 2170 aeque
416 2071 631 2144 vitandarum
659 2091 772 2136 rerum
790 2062 941 2155 exempla
959 2061 1116 2155 ponenda
1135 2079 1236 2148 sunt,
1257 2086 1362 2155 quam

292 2191 556 2289 sequendarum.
882 2185 885 2193 ’

342 2313 384 2379 ln
401 2301 712 2376 haccontrouersia
729 2302 839 2365 Ltrso
855 2296 1058 2365 scunarium
1077 2318 1148 2362 rem
1164 2309 1366 2363 coutrover-

290 2408 350 2497 sim
369 2425 478 2506 dixit,
506 2419 567 2491 sed
590 2417 668 2488 sibi.
689 2400 907 2486 Declamabat
925 2410 1039 2497 illam,
1059 2412 1190 2479 Caesare
1208 2410 1365 2504 Augusto

295 2543 455 2613 audiente
473 2554 508 2606 et
526 2537 701 2628 Agrippa,
733 2529 831 2622 cujus
855 2529 967 2609 filios,
992 2542 1132 2619 nepotes
1153 2549 1231 2594 suos
1250 2526 1367 2596 cesar

293 2663 436 2730 Lucium
460 2674 493 2726 et
512 2645 660 2723 Caium⁵
681 2647 900 2742 adoptaturus
928 2643 1049 2712 diebus
1076 2643 1144 2718 illis
1166 2641 1363 2712 videbatur.

330 2893 350 2926 ι.
363 2874 468 2926 Fabius
481 2869 632 2921 Maximus.
643 2865 728 2932 Quum
740 2857 803 2912 olim
851 2857 951 2911 secuisti
975 2855 1084 2929 lleipub.
1105 2854 1220 2908 vomicas.
1233 2875 1247 2901 a
1270 2853 1368 2908 Scbntt.

178 2937 181 2944 ⁴
293 2941 650 3006 scribereturFobionus‚N.
660 2937 744 2991 Faber
755 2957 804 2990 no·.
886 2933 911 2985 3.
931 2933 1020 2986 Unum
1041 2942 1144 2985 tontum
1166 2949 1193 2984 es
1215 2951 1267 2983 non
1287 2934 1370 2999 qimi

294 3032 358 3085 tavit
368 3027 530 3082 scribendum
543 3022 663 3080 Fo'br‘usf
673 3039 702 3071 ex
713 3035 806 3091 praeee-
853 3015 973 3078 alapam.
992 3009 1122 3064 Emendat
1139 3007 1271 3073 Sebouua,
1286 3009 1367 3060 lioto-

298 3107 425 3161 deutiboa.
444 3102 552 3157 Maximi
572 3101 640 3154 enim
663 3095 806 3170 cognomen
852 3101 947 3158 paulo,
960 3086 1001 3140 vel
1015 3087 1187 3155 bolnpbonto,
1201 3085 1228 3138 id
1244 3097 1298 3149 eat,
1316 3085 1369 3136 ho-

298 3198 334 3242 eat
345 3185 499 3246 Fabiorum
520 3194 593 3251 atquo
614 3180 689 3234 etiam
705 3177 747 3230 vel
763 3176 809 3230 lal·
857 3167 954 3218 minem
962 3163 1369 3236 integrenequametplanemen-

296 3262 395 3330 lor,vel
407 3261 471 3315 iaeat
482 3259 589 3333 Augusti
599 3257 703 3318 amicus,
713 3273 758 3308 aua
769 3253 809 3305 vel
858 3244 952 3296 dacem.
968 3243 1066 3314 Legunt
1085 3241 1130 3293 alii
1149 3243 1305 3308 lapsarum,
1324 3239 1368 3292 elii

298 3342 383 3398 uxoris
401 3338 551 3410 loquacitate
572 3334 691 3398 celebris,
712 3329 809 3402 dequo
857 3327 983 3391 loppoto,
999 3335 1104 3391 utroque
1122 3323 1198 3372 verbo
1212 3319 1318 3372 herbam
1330 3319 1370 3370 si·

299 3420 367 3493 apud
377 3417 493 3470 Tacitum
508 3413 601 3467 Annsl.
612 3411 656 3465 lib.
670 3413 700 3478 l,
713 3423 737 3462 et
748 3409 810 3463 Plu·
858 3399 1007 3474 gulfitinlet
1014 3399 1158 3468 quamdam·
1167 3397 1317 3471 [segandum
1327 3397 1369 3450 de-

300 3495 416 3550 tarehum
434 3492 488 3563 πιρὶ
503 3494 615 3560 &dalaq-
635 3490 698 3542 Hor.
713 3489 764 3542 Sat.
777 3505 788 3540 ι
801 3525 808 3552 ,
858 3478 936 3547 nique
947 3488 1016 3549 putat
1026 3475 1215 3549 Schultingins,
1229 3479 1369 3544 mapalia,-

305 3597 315 3628 ι
328 3615 335 3639 ‚
352 3575 451 3638 14,En,
859 3555 918 3625 quis
927 3553 991 3606 vidit
999 3554 1064 3626 apud
1071 3555 1174 3606 Festum
1183 3552 1210 3606 id
1218 3553 1369 3606 vocabulum

335 3674 358 3705 η,
379 3653 519 3704 Vomitus„
536 3651 664 3702 morbum,
687 3647 810 3700 Vomtcm
859 3630 1371 3700 solutevivcntibusobjici.Gronov.ton·

301 3731 407 3784 mom
423 3747 437 3780 a
454 3728 571 3786 vomica,
588 3736 633 3778 ,ut
652 3725 810 3776 ,vomendo
859 3707 914 3778 jicit
921 3728 1007 3777 troppo
1016 3710 1122 3768 rrectius
1131 3706 1163 3760 ob
1171 3707 1371 3762 nominatiuca·

303 3809 394 3863 dieitur
406 3806 518 3859 Senecae.
531 3803 593 3855 Fab.
605 3803 650 3856 lib.
663 3802 739 3863 Vlll,
754 3821 775 3852 c.
785 3800 810 3852 6.
859 3785 1302 3859 ωῦῐ·(ἶ“ῐΰοῠὶηοδεωτοῑοεοεμ
1311 3807 1371 3859 quo

303 3885 440 3940 sordidam
457 3880 602 3954 hujusmodi
618 3877 809 3931 translationem
858 3865 1371 3948 queconlneeturamqualemeumqueatto

302 3975 391 4018 vocat:
403 3963 482 4014 «Non
501 3957 585 4020 enim,
603 3957 624 4009 si
641 3957 730 4010 Cicero
745 3967 811 4009 recte
860 3940 1371 4018 lerim?sortsadatapamgse.2pru2.ssn.

302 4042 429 4093 sentinam
455 4035 525 4108 beip.
556 4033 642 4096 dixit,
674 4033 821 4086 faeditatem¹
892 4035 917 4098 4.
935 4034 1066 4086 Tricolnm
1079 4031 1285 4086 tole'l'rieclum
1304 4029 1371 4084 defi.

303 4118 438 4172 bominum
444 4113 601 4190 significans
609 4112 702 4166 idcirco
710 4112 812 4185 probem
861 4111 899 4163 nit
910 4111 1033 4183 llermog.
1042 4110 1074 4162 de
1084 4110 1185 4162 luvent.
1195 4110 1221 4176 3,
1234 4109 1279 4162 lib.
1292 4110 1340 4160 lv,

212 4211 218 4223 ·
305 4194 369 4248 illud
385 4214 485 4265 quoque
498 4192 588 4248 veteris
606 4189 737 4245 oratoris:
750 4191 812 4243 Per·
896 4191 919 4244 5.
930 4189 1042 4258 Nepotes
1050 4207 1111 4242 suos
1125 4185 1337 4242 &antheum
1348 4199 1372 4240 at
