2866 4814
304 499 349 564 66
628 497 676 562 Μ.
702 494 847 564 dNNAEl
869 495 1050 564 SENECAE

304 626 437 707 sedens,
453 626 653 716 quaestiones
666 628 675 659 ¹
692 625 766 716 ejus
781 647 881 714 quam
894 621 1048 691 dicturus
1056 639 1130 692 erat
1139 629 1399 696 controversiae

303 736 531 833 proponebat,
554 739 650 830 'quod
682 761 818 806 summae
843 737 977 806 fidueiae
995 752 1058 806 est.
1078 740 1156 833 Ipsa
1174 737 1269 808 enim
1290 745 1396 810 actio

303 857 425 926 multas
436 856 583 924 latebras
598 857 700 924 habet
715 883 722 922 ε
740 879 804 922 neo
817 855 916 922 facile
930 869 1061 946 potest,
1083 857 1193 946 siquo
1208 857 1285 926 loeo
1300 859 1396 926 sub-

303 974 404 1041 tilitas
422 971 569 1038 defuerit
580 1022 590 1055 ,
610 995 776 1064 apparere
793 997 800 1036 ε
817 994 921 1060 quum
947 972 1110 1039 orationis
1134 995 1257 1046 cursus
1273 975 1394 1066 judi-

301 1092 390 1157 cium
401 1087 571 1156 audientis
584 1087 766 1179 impediat,
781 1086 929 1154 dicentis
941 1085 1136 1154 abscondat.
1152 1088 1196 1156 At
1207 1088 1268 1156 ubi
1282 1091 1392 1161 nuda

299 1221 537 1300 proponuntur
554 1204 728 1284 membra,
759 1204 787 1270 si
813 1201 899 1296 quid
915 1219 973 1270 aut
991 1227 1153 1290 numero,
1173 1195 1233 1274 aut
1249 1207 1392 1278 ordine

298 1321 440 1405 excidit,
462 1323 675 1390 manifestum
701 1335 764 1388 est.
790 1319 888 1411 Quid
914 1344 997 1413 ergo
1010 1322 1025 1387 i
1039 1319 1139 1389 Unde
1158 1319 1231 1390 huso
1249 1324 1297 1392 de
1319 1326 1392 1394 illo

297 1441 409 1510 fama?
425 1439 518 1507 Nihil
540 1455 592 1506 est
613 1438 764 1529 iniquius
789 1435 843 1503 bis
869 1439 928 1528 qui
958 1460 1124 1529 nusquam
1148 1455 1272 1531 putant
1298 1465 1390 1512 usse

295 1555 534 1640 subtilitatem,
555 1555 621 1622 nisi
635 1553 694 1621 ubi
712 1554 802 1621 nihil
820 1567 871 1620 est
888 1569 1013 1645 praeter
1025 1554 1242 1628 subtilitatem
1260 1560 1387 1626 :etin

295 1671 352 1762 illo
366 1696 473 1763 quum
484 1693 601 1738 omnes
613 1670 772 1737 oratoriae
786 1670 928 1736 virtutes
941 1684 1074 1752 essent,
1088 1669 1154 1737 hoo
1164 1669 1387 1741 fundamen-

175 1819 181 1835 ·
295 1807 365 1874 tum
383 1804 434 1854 tot
449 1803 485 1854 et
503 1787 604 1854 tantis
623 1785 863 1877 superstructis
887 1785 1033 1853 molibus
1053 1785 1275 1854 obruebatur.
1299 1791 1387 1858 Nec

294 1903 410 1971 deerat
423 1903 459 1968 in
473 1900 554 1983 illo,
572 1897 631 1968 sed
648 1924 717 1967 non
734 1900 916 1969 eminebat.
938 1905 981 1968 Et
999 1901 1114 1969 nescio
1128 1925 1171 1968 an
1185 1904 1385 1974 maximum

291 2019 410 2085 vitium
429 2017 627 2086 subtilitatis
644 2019 708 2100 sit,
731 2017 831 2084 nimis
850 2040 886 2084 ae
905 2001 1098 2085 ostende're.
1116 2018 1227 2109 Magis
1240 2039 1384 2090 nocent

291 2135 445 2216 insidiae,
464 2157 538 2226 quae
558 2133 672 2200 latent.
689 2133 875 2201 Utilissima
890 2150 940 2202 est
956 2133 1165 2202 dissimulata
1181 2133 1381 2222 subtilitas,

290 2277 365 2346 quae
378 2253 500 2320 effectu
518 2266 678 2344 apparet,
694 2248 814 2318 habitu
830 2249 925 2319 latet.
940 2253 1158 2344 Interponam
1173 2252 1291 2342 itaque
1306 2253 1383 2320 ali-

171 2415 176 2424 ·
291 2369 415 2460 quibus
445 2368 527 2435 loeis
557 2367 758 2459 quaestiones
783 2368 1113 2452 controversiarum,
1136 2369 1223 2435 siout
1245 2367 1292 2436 ab
1315 2369 1384 2438 illo

291 2485 470 2579 proposita
490 2500 581 2552 sunt.
599 2487 671 2552 Nec
689 2485 742 2551 his
761 2499 963 2577 argumenta
979 2483 1169 2566 subtexam,
1187 2507 1231 2550 ne
1244 2500 1281 2551 et
1295 2509 1384 2554 mo-

290 2601 371 2670 dum
391 2599 570 2683 excedam,
594 2616 627 2668 et
641 2601 850 2695 propositum
866 2615 932 2668 tam
951 2623 1062 2668 meum
1078 2624 1179 2692 Qum
1196 2617 1379 2687 restrum,

206 2735 209 2792 3
288 2741 393 2810 quum
410 2743 472 2787 vos
489 2718 672 2786 sententias
695 2713 813 2786 audire
833 2714 969 2799 velitis,
992 2731 1026 2782 et
1048 2715 1216 2809 quidquid
1233 2716 1382 2790 abillis

289 2831 480 2916 abduxerit,
497 2830 673 2897 molestum
689 2829 839 2897 futurum
853 2831 909 2896 sit.
922 2831 994 2898 Hoc
1007 2853 1143 2922 quoque
1154 2832 1259 2897 Latro
1272 2854 1381 2900 meus

260 3033 264 3040 Ι
289 2948 451 3030 faciebat,
472 2959 511 3014 ut
524 2961 653 3014 amaret
679 2949 876 3014 sententias.
904 2947 1019 3039 Quum
1037 2945 1197 3040 discipuli
1214 2969 1382 3018 essemus

286 3063 380 3158 opud
391 3047 599 3131 Marillium²
614 3063 804 3148 rhetorem,
821 3063 995 3131 bominem
1012 3065 1092 3132 satis
1104 3063 1259 3144 aridum,
1273 3089 1379 3157 pau-

289 3181 423 3249 cissima
436 3179 543 3262 belle,
564 3178 711 3248 sednon
730 3181 866 3274 vulgato
885 3204 1024 3273 genere·
1037 3179 1205 3248 dicentem
1226 3206 1233 3245 :
1256 3204 1377 3272 quum

286 3410 394 3457 munus,
411 3393 479 3444 unde
491 3392 567 3445 etiam
580 3411 675 3445 nomeu
688 3392 795 3466 accepit,
846 3391 923 3453 baut;
939 3392 985 3462 qni
1000 3403 1083 3464 gestus
1098 3391 1263 3444 attentiorem
1281 3395 1378 3448 reddit

285 3482 369 3539 postea
389 3490 562 3524 suceessorum
587 3471 743 3544 negligentis
769 3471 797 3522 in
846 3471 990 3522 Oratorem.
1002 3467 1082 3522 Plena
1096 3467 1179 3520 omnis
1189 3469 1374 3540 exemplorum

285 3546 478 3602 desuetudinem
499 3547 588 3602 abiisse
611 3561 697 3615 notat,
717 3567 797 3618 quum
847 3547 990 3618 antiquitas.
1000 3549 1139 3615 Homerus,
1148 3547 1264 3603 llindd:
1276 3557 1375 3605 «Toros

285 3630 320 3680 ait
331 3645 337 3679 t
350 3629 448 3682 «Nune
466 3649 480 3681 a
496 3629 599 3681 nemine
612 3627 667 3681 lieri
685 3629 769 3681 video.
782 3647 796 3674 t»
847 3627 1027 3696 δ’ἀνιστάμινος
1037 3629 1125 3696 purten
1135 3627 1211 3687 πόδας
1219 3627 1279 3688 drabe
1288 3625 1375 3697 Α’χελ·

286 3709 320 3760 Et
328 3719 394 3760 certe
406 3707 435 3759 in
445 3706 679 3760 Declamatiouibus
692 3705 799 3776 Quinti·
848 3703 907 3766 lule.
917 3725 930 3752 a
945 3706 996 3759 Ubi
1013 3705 1163 3759 Scholiasta
1181 3703 1295 3776 legendi.
1313 3707 1376 3760 Se-

284 3786 347 3840 liani
354 3825 361 3850 ,
374 3805 435 3856 quas
443 3786 473 3840 P.
483 3786 596 3842 Pitboeus
605 3785 673 3838 bono
684 3797 798 3838 veterum
850 3783 950 3835 dentem
964 3803 1025 3835 vero
1045 3785 1179 3836 Latronem
1199 3782 1300 3834 inducit
1318 3807 1374 3839 ex-

286 3876 416 3916 auctorum
424 3878 496 3917 natus
504 3865 659 3930 restauravit,
668 3863 799 3916 etlibanii
849 3873 928 3914 trema
938 3863 1055 3914 Suasoris
1070 3881 1090 3913 r.
1102 3859 1156 3913 Silo
1165 3879 1267 3930 quoque
1279 3861 1374 3914 Potn-

287 3943 390 4009 μελέταις
410 3943 622 4014 quotusquisque
641 3961 743 4009 sermo,
757 3953 801 3993 aut
848 3940 918 4014 peius
940 3941 1030 3994 sedens
1058 3939 1183 3993 ineundus
1197 3949 1236 3991 ret
1255 3937 1375 3994 disertus

287 4022 660 4093 quotaepodsoplequssstiones
667 4020 800 4094 propositae
849 4033 907 4073 erat.
927 4021 990 4072 tntr.
1007 4021 1077 4093 prael.
1091 4019 1234 4094 Epitomes,
1245 4015 1292 4070 lib.
1309 4019 1376 4088 111,

289 4097 475 4153 Controversia
483 4098 582 4151 exbibet
592 4096 605 4149 i
614 4099 649 4152 Ν.
659 4097 751 4152 Faber.
851 4109 875 4149 et
884 4097 942 4150 etc.
955 4098 986 4150 de
999 4098 1070 4150 Orat.
1081 4097 1126 4149 lil».
1138 4097 1150 4148 l
1163 4107 1222 4148 extr.
1232 4093 1336 4150 Scitote.
1357 4095 1359 4097 ’

325 4175 648 4248 1.Sedeos,quoestionet.
665 4177 742 4248 Quod
765 4189 800 4229 est
884 4198 907 4229 α.
934 4177 1095 4230 Murillr'um.
1121 4175 1189 4227 Sunt
1211 4173 1253 4244 qui
1277 4174 1375 4245 legant

291 4253 322 4304 de
332 4273 358 4310 te
368 4253 519 4310 confidentis
533 4267 645 4311 :stantes
656 4257 724 4309 enim
737 4274 800 4309 ora·
851 4256 998 4310 Marullum
1005 4273 1015 4324 ,⁸
1028 4256 1071 4308 sed
1084 4273 1213 4329 perperam
1226 4292 1233 4320 ,
1246 4266 1275 4304 ut
1286 4253 1375 4306 ride—
