2876 4804
172 243 229 310 DE
254 237 380 308 VERO
408 232 637 304 CONTROV.
664 229 890 299 AUCTORE.
1007 228 1049 298 13

45 380 172 444 onahaec
181 379 217 442 lis
232 373 366 440 estPAit
378 375 449 462 ipse
461 368 501 435 de
516 391 554 458 se
560 369 702 459 Epistola
711 390 812 449 cvm,
824 373 842 448 S
852 391 902 434 ιι.
917 397 930 425 ι
942 367 1052 434 Risin-

47 486 168 550 minens
185 482 343 546 abstinere
357 476 545 544 animalibus
559 474 659 565 eoepi:
670 490 703 539 et
715 495 802 538 auno
818 487 964 563 peracto,
984 495 1051 540 non

47 614 161 664 ιιιιιιιιι
174 596 268 662 facilis
287 594 367 660 mihi
386 608 453 658 erat
474 589 696 674 consuetudo,
719 589 775 656 sed
801 589 911 657 dulcis.
927 591 1053 674 Quaeris

47 697 544 794 ·quotnododesierim?1nTiberii
552 697 1052 786 Caesarisprincipatum,juventae

46 789 163 897 europus
181 807 343 872 inciderat.
371 805 555 894 Alienigena
577 819 648 866 tum
668 825 756 867 sacra
778 803 1005 886 movebantur,
1022 818 1054 869 et

46 918 128 980 =inter
138 931 318 1004 argumenta
341 912 571 1001 superstitionis
582 911 764 999 ponebatur
779 905 962 976 ¹animalium
976 935 1056 1000 quo-

47 1021 183 1086 mundam
191 1020 395 1092 abstinentia.
417 1018 512 1083 Patre
528 1017 637 1104 itaque
650 1038 724 1080 meo
741 1032 891 1105 rogante,
913 1020 970 1106 qui
989 1041 1056 1083 ιιοιι

48 1127 222 1191 ιιιΙιιιιιιιίιιιι
234 1125 385 1206 timebat,
397 1123 452 1187 sed
462 1121 697 1210 philosophiam
709 1120 835 1204 oderat,
843 1122 883 1187 ad
894 1125 1058 1210 pristinam

20 1231 305 1358 imonsuetudinem
321 1229 438 1294 redii.
451 1228 556 1291 Locus
576 1227 696 1308 clarus,
711 1228 785 1291 etin
801 1252 868 1316 quo
883 1252 940 1293 arx
962 1231 1059 1317 hujus

20 1323 127 1402 'etse
137 1339 186 1401 Ait
200 1358 274 1400 ecce
286 1357 322 1398 se
340 1338 492 1422 juvenem
504 1329 568 1395 sub
582 1331 731 1413 Tiberio,
750 1355 817 1422 quo
828 1349 974 1422 tempore
989 1335 1060 1400 alie·

48 1443 220 1562 niganstera
239 1442 326 1505 urbe
349 1454 437 1502 mota
457 1453 541 1502 sunt.
568 1435 610 1502 Id
628 1437 743 1502 accidit
766 1441 879 1525 quinto
900 1441 1061 1506 Tiberiani

48 1547 138 1635 inperii
154 1571 259 1630 enno,
279 1563 319 1610 ut
337 1545 454 1632 colligo
471 1543 564 1608 facile
583 1567 623 1608 ex
643 1545 695 1608 his
712 1544 812 1608 Taciti
824 1544 928 1610 verbis
945 1546 1062 1612 Annali

20 1683 23 1762 3
49 1652 191 1720 toeundo:
202 1655 327 1718 Actum
337 1666 371 1715 et
381 1649 420 1716 de
431 1673 525 1715 sacru
536 1666 676 1740 aegyptus
683 1650 881 1739 Judarcrsque
892 1651 1062 1741 pellendis,

20 1763 59 1868 3·
50 1757 223 1847 ductumque
244 1759 383 1824 Petrum
396 1757 595 1837 consultum,
611 1772 647 1822 ut
663 1773 804 1845 quatuor
815 1757 910 1822 millia
925 1758 1064 1824 libertini

20 1835 30 1948 3
50 1863 625 1956 ·gene1iseasuperstitioneiniectain
638 1863 777 1927 insulam
783 1848 1064 1928 Sardiniamvehe·

51 1985 187 2034 ·.·reutur
201 1971 325 2035 Utrum
344 1991 421 2058 ergo
443 1967 531 2058 digiti
545 1989 597 2033 me
623 1967 754 2049 fallunt,
770 1991 810 2033 an
827 1992 847 2033 a
866 1985 970 2035 morte
982 1971 1066 2033 Cice·

20 2137 23 2174 ι
51 2076 113 2137 nnis
129 2073 164 2140 ad
183 2077 271 2142 hunc
296 2076 400 2156 diem,
422 2077 497 2139 anni
521 2075 648 2139 circiter
671 2077 833 2165 sexaginta
852 2073 1068 2164 colliguntur?

20 2175 23 2282 3
51 2176 157 2262 Quodsi
168 2199 226 2265 est,
245 2181 419 2272 quomodo
436 2197 529 2245 natus
543 2182 705 2245 Ciceronis
719 2204 788 2247 aero
809 2181 930 2246 Seneca
953 2181 1069 2246 fuerit:

20 2283 22 2386 3
52 2285 149 2351 etidetn
155 2290 278 2375 juvenis
288 2288 400 2354 adhuc
414 2287 475 2353 sub
485 2286 639 2350 Tiberio?
653 2288 722 2352 Nisi
736 2290 807 2376 quis
820 2305 885 2352 tarn
896 2289 1005 2377 inepte
1020 2285 1072 2352 de-

20 2389 22 2488 3
51 2390 152 2478 spiens,
166 2395 219 2484 qui
231 2394 477 2484 sexagenarium
492 2415 601 2456 senem
612 2395 766 2479 juvenem
776 2409 903 2457 censeat
916 2393 1074 2512 appellan-

20 2479 23 2622 3
51 2493 205 2565 dunflerta
218 2523 281 2565 res.
283 2501 328 2564 Et
341 2499 418 2564 huic
430 2499 487 2562 uni
497 2515 686 2587 argumento
696 2522 722 2562 ιι
712 2496 812 2585 quid
823 2500 944 2586 opponi
953 2511 1074 2585 potest,

20 2599 220 2693 ilisapiant,
238 2630 320 2697 ego,
335 2619 373 2669 ut
387 2620 479 2694 poeta
501 2621 594 2669 vetus
609 2605 666 2685 ait,
679 2604 821 2668 fatuus
798 2627 876 2686 sun
889 2627 955 2667 non
971 2602 1076 2667 solum

52 2707 148 2775 sitne
161 2712 286 2803 Pugnat
304 2734 385 2800 ergo
403 2725 477 2775 oetas
501 2710 648 2776 Senecae:
659 2713 753 2774 etiam
775 2712 848 2776 vita.
871 2709 981 2774 Nam
974 2733 1000 2772 rs
1021 2709 1077 2797 qui

20 2821 22 2846 ³
53 2811 361 2906 philosophus,ritam
370 2815 526 2881 illustrem
537 2815 663 2906 egit,ad
671 2839 772 2905 remp.
785 2817 1079 2898 accessit,honores

20 2927 22 3018 3
56 2919 140 3002 satit,
157 2938 315 3010 questor,
339 2923 453 2986 consul
477 2922 547 2989 fuit.
560 2923 609 2986 De
629 2939 788 3010 quaestura
805 2946 862 2986 sua
876 2923 943 3011 ipse
962 2922 1080 2987 fatetur

20 3057 22 3118 3
56 3021 250 3094 Consolatione
265 3028 309 3093 ad
324 3028 466 3093 Elbiam:
477 3027 518 3092 de
529 3028 871 3111 consulatu,auct0res
887 3028 971 3094 Fasti
983 3045 1015 3091 et
1024 3029 1080 3093 Ju-

20 3137 22 3230 3
55 3127 214 3200 tiscoustdti.
242 3135 324 3199 Haec
336 3135 407 3198 vitae
420 3134 476 3198 iux
491 3157 558 3197 non
573 3133 658 3216 eadit
669 3134 702 3197 in
716 3157 825 3198 meunt
838 3157 969 3198 senem:
984 3157 1082 3224 quem

20 3243 23 3312 ἱ
55 3235 314 3306 ι’ῐιὶιιιιειιιοιιιιιι
332 3241 372 3304 ab
386 3242 473 3305 omni
487 3242 608 3305 ambitu
622 3243 705 3323 scio,
718 3243 859 3330 equestri
876 3242 989 3307 ordine
1008 3265 1083 3307 con-

56 3354 163 3411 tentum.
175 3347 278 3413 Testis
293 3348 364 3436 ipse
383 3346 415 3410 in
432 3347 628 3437 praefatione,
645 3348 699 3412 lib.
714 3349 757 3412 11.
776 3348 894 3414 Melam
908 3347 1009 3413 filium
1040 3349 1083 3413 ai·

56 3441 183 3536 loquens,
195 3485 208 3509 ·
223 3455 352 3544 Perge,
364 3455 483 3541 inquit,
503 3476 570 3542 quo
591 3455 721 3519 inclinat
737 3457 879 3537 animus,
901 3472 933 3519 et
951 3471 1085 3544 paterno

57 3572 229 3624 ·tontentus
249 3560 368 3626 ordine
393 3559 517 3624 subduc
540 3560 680 3624 fortunae
700 3583 847 3649 magnam
861 3562 910 3627 tui
922 3577 1056 3651 partem.
1072 3593 1085 3619 ι

57 3657 122 3726 Nun
146 3664 296 3730 ordhrem
320 3665 468 3754 intelligit
491 3689 558 3730 non
591 3665 690 3730 dubie
718 3683 908 3754 equestrem.

84 3765 217 3860 Denique
227 3795 308 3838 cum
318 3771 462 3836 vanailla
473 3773 627 3861 opinione
641 3771 720 3861 quid
733 3796 831 3863 mags
841 3791 980 3864 pugnat,
991 3800 1089 3864 quam

20 3769 22 3976 3
60 3871 158 3956 stylus?
168 3878 362 3944 Aristoteles
376 3877 464 3966 apud
478 3878 634 3968 quosdam
649 3879 756 3971 Lybiae
770 3883 923 3972 populos,
938 3883 1089 3970 quonism
1181 3877 1185 3886 ’

20 3987 22 4064 3
58 3995 156 4046 utores
168 4000 464 4065 commanserunt,
481 3985 522 4049 ait
534 3984 653 4050 liberos
669 3984 709 4050 ad
723 3985 900 4053 sennarum
912 3987 1088 4054 sintilitudi·
