2874 4808
312 417 385 501 aar
589 391 591 399 ’
636 417 684 482 ra.
710 413 854 483 annm
875 415 1053 484 sanson

316 541 541 641 ἁμορηῇιπ
575 539 703 634 deinde
729 541 987 630 Sallustianam,
1017 541 1086 612 Res
1105 545 1254 612 secudu
1275 548 1365 616 'urie

319 675 395 728 sunt
407 662 495 726 vitiis
506 657 653 726 obtentui
657 684 669 744 ,·
683 681 787 750 quum
801 659 845 728 sit
855 660 1025 754 praecipua
1041 661 1079 728 in
1091 659 1292 754 Thucydide
1303 661 1365 730 rir-

313 792 373 844 -tus
390 774 591 855 brevitatis,
606 772 670 841 lue
685 796 761 842 enm
776 773 954 850 Sallustius
967 776 1070 860 vicit,
1092 791 1126 844 et
1141 777 1180 844 in
1197 778 1265 846 suis
1281 775 1363 844 illum

317 891 435 959 castris
448 889 583 958 cecidit.
596 891 681 958 Nam
695 890 734 956 in
746 885 911 958 sententia
921 891 1038 960 Graeea
1049 906 1116 958 tarn
1131 890 1243 974 brevi,
1258 889 1359 972 babes,

146 1039 149 1048 2
211 1046 214 1054 ·
317 1031 392 1099 qum
408 1005 623 1076 culrosensu
644 1003 822 1092 detrahas,
842 1004 939 1074 deme
958 1007 1013 1074 uel
1031 1001 1220 1103 ωηῂοόψαι,
1241 1007 1292 1076 vel
1313 1035 1361 1078 oo·

316 1122 452 1197 methim·
482 1121 578 1191 deme
603 1119 767 1210 ἓκὼτωνς
794 1120 959 1191 constabit
982 1145 1120 1208 sensus,
1146 1125 1360 1192 etiamsinon

316 1264 412 1332 reque
425 1256 598 1332 comptus,
618 1261 713 1332 aeque
729 1241 841 1306 tamen
859 1240 1005 1333 integer.
1025 1237 1070 1308 Aa
1084 1263 1125 1307 ex
1137 1239 1284 1309 Sallustii
1297 1261 1361 1306 sen·

315 1355 421 1422 tentia
444 1351 533 1420 nihil
558 1350 648 1418 demi
674 1353 748 1421 siue
775 1352 977 1420 detrimento
1003 1373 1121 1420 seusus
1143 1367 1263 1445 potest.
1279 1351 1360 1420 ‘litus

315 1485 427 1538 sutem
449 1468 567 1536 Livius
588 1483 655 1534 tam
672 1469 815 1559 ‚iniquus
830 1466 987 1537 Sallustio
1004 1467 1069 1536 fuit
1078 1517 1090 1553 ,
1111 1481 1149 1536 ut
1165 1467 1254 1536 banc
1270 1467 1359 1561 ipson

316 1585 516 1654 sententiam
538 1599 573 1652 et
601 1599 759 1674 tauquam
784 1583 998 1666 trandum,
1022 1599 1056 1650 et
1080 1595 1356 1677 tanquam-corra-

315 1693 407 1794 jstam
420 1700 501 1767 dum
512 1698 732 1780 transfertur,
748 1698 913 1790 objiceret
921 1697 1093 1768 Sallustio.
1104 1700 1180 1768 Nec
1189 1699 1256 1767 boc
1265 1717 1358 1764 amore

315 1813 527 1907 Thucydidis
551 1812 650 1897 facit,
672 1813 821 1882 utillum
839 1794 996 1907 prulerat
1013 1839 1022 1879 ε
1040 1813 1175 1896 laudat,
1195 1837 1289 1908 quem
1304 1835 1358 1879 non

314 1931 434 1998 timet:
453 1945 486 1999 et
512 1929 642 1997 facilius
665 1943 761 2021 putat
782 1952 880 2021 posse
903 1951 923 1994 a
948 1951 983 1996 se
1001 1927 1197 1999 Sallustium
1217 1928 1316 2009 vinei,
1335 1924 1358 1990 si

315 2059 431 2114 autea
449 2043 654 2135 Thucydide
671 2045 838 2113 vincatur.

239 2166 243 2172 ’
362 2161 496 2228 Cusrrus
513 2159 659 2226 colorem
680 2160 772 2228 bunc
788 2183 851 2253 pro
867 2161 974 2230 Callia
992 2160 1125 2229 babuit.
1141 2158 1357 2254 Objecitultro

313 2277 465 2359 Cimoni,
487 2274 579 2369 quod
595 2297 711 2369 passus
726 2289 813 2343 esset
826 2297 963 2352 uxorem
977 2275 1268 2344 suumadulteram
1280 2272 1353 2352 lieri,

314 2389 405 2487 quod
418 2417 485 2461 nou
498 2391 708 2476 custodisset,
720 2391 811 2483 quod
820 2403 1043 2484 exspectasset
1053 2390 1131 2459 tlum
1145 2390 1356 2486 superveniret

313 2525 428 2601 pater,
447 2524 485 2576 ut
498 2524 664 2602 spectator
681 2507 963 2575 calamitatis'suoe
982 2508 1080 2574 fieret
1099 2532 1106 2572 :
1123 2509 1220 2590 Jum,
1239 2503 1352 2595 inquit,

314 2625 414 2692 ctiam
435 2626 461 2692 si
482 2623 668 2707 dimiseris,
689 2624 849 2715 ingratus
863 2645 920 2708 es3
943 2645 1007 2714 ego
1024 2644 1091 2689 non
1108 2635 1353 2716 exspectaveram

316 2740 396 2810 dum
413 2767 566 2835 rogarer.

360 2860 462 2926 Hrsro
489 2861 647 2925 Ronanus
670 2858 763 2924 hunc
781 2860 926 2926 colorem
951 2873 1086 2926 secutus
1109 2873 1181 2940 est,
1208 2871 1241 2925 et
1261 2852 1352 2928 dixit,

310 2972 555 3044 adolescentem
585 2971 778 3058 tumidum,
806 2989 840 3042 et
864 2972 1049 3042 nobilitatis
1077 2995 1153 3041 suos·
1175 2969 1354 3064 cogitatione

312 3087 536 3171 insolentem,
566 3089 673 3156 invisa
696 3087 855 3157 babuisse
878 3087 1044 3160 beneficia
1069 3113 1150 3175 sua,
1170 3087 1299 3183 moleste
1314 3079 1354 3146 fe·

309 3217 440 3272 rentem
458 3227 610 3273 socerum
624 3227 720 3272 suum
734 3203 803 3272 dici
823 3202 975 3274 Calliam.
992 3205 1076 3273 Item
1090 3215 1224 3272 omnem*
1234 3213 1350 3292 operam

311 3316 461 3400 dedisse,
482 3335 519 3387 nt
537 3343 647 3388 mores
663 3317 785 3413 puellae
808 3319 843 3386 in
863 3319 946 3388 vitia
963 3343 1031 3388 nou
1052 3315 1260 3388 tantumlabi
1274 3325 1351 3404 pate·

311 3449 418 3515 retur,
438 3434 498 3504 sed
514 3437 587 3528 ipse
604 3435 793 3527 impelleret
802 3484 814 3520 ,
835 3450 872 3502 ut
888 3434 1031 3505 baberet
1042 3437 1168 3529 justam
1182 3419 1351 3500 dimittendi

311 3573 457 3619 oausam.
476 3553 618 3619 Nectum
645 3574 717 3618 eam
740 3551 949 3618 occasionem
968 3573 1036 3618 non
1053 3550 1286 3621 intermisisse,
1304 3532 1350 3605 ⁸⁰⁶

312 3681 518 3760 exspectasse
536 3666 635 3734 etiam
654 3665 732 3734 dum
753 3667 988 3759 superveniret
1009 3683 1106 3760 pater
1125 3693 1132 3732 :
1149 3664 1214 3733 hoc
1228 3687 1261 3730 se
1274 3653 1351 3748 cogi·

311 3797 417 3869 tasse,
441 3787 617 3874 Exspectat
639 3806 692 3851 me
717 3782 820 3852 :vult
846 3806 975 3850 mecum
999 3805 1099 3875 pares
1124 3783 1266 3848 rationes
1289 3770 1351 3837 'su-

310 3939 364 3994 lroee
372 3941 408 3994 sic
418 3939 491 3993 vortit
501 3939 619 3994 Sebottus
629 3957 636 3991 t
648 3939 738 3991 Solent
749 3939 816 3990 euim
866 3941 924 3992 riar.
935 3939 1048 3993 Sallustii
1058 3943 1086 3993 iu
1098 3952 1157 3993 orat.
1168 3938 1203 3990 Μ.
1213 3928 1307 3987 AEmilii
1314 3925 1351 3976 le·

311 4035 350 4070 res
367 4017 565 4072 secundoennius
574 4016 695 4087 cujmquc
707 4016 770 4068 vitis
781 4029 817 4069 te·
867 4017 919 4087 pidi
932 4017 988 4070 Cot.
1002 4017 1096 4072 Selott.

311 4111 369 4166 gere
386 4107 460 4165 atque
474 4093 630 4148 obumbrare.
901 4117 922 4148 α.
937 4095 1004 4148 Vult
1015 4113 1113 4151 mecum
1121 4113 1198 4164 pares
1207 4079 1348 4152 ma'omst·

347 4187 368 4222 r.
378 4169 563 4225 Rtssecnndoe.
571 4171 654 4224 Esstat
662 4171 707 4223 lib.
716 4172 726 4223 l
734 4171 817 4226 llisto-
867 4193 928 4227 cere.
941 4173 1084 4241 Filiamque
1097 4171 1263 4230 millianam,
1275 4171 1349 4232 qum·
