2878 4816
266 437 703 512 CONTROVERSIARUM
726 447 807 512 ΠΒ,
832 447 885 532 11,
912 447 963 514 13.
1081 475 1143 520 aar

75 595 184 655 num,
207 567 402 637 libertatem
427 568 536 652 mihi,
562 570 624 636 tibi
643 569 806 640 ultionem
830 571 964 642 reddidi
987 567 1146 668 plenioriss

78 707 164 752 mam
181 711 190 751 ε
207 701 407 778 persecutus
424 710 497 754 aum
514 687 682 754 nefarium
701 685 850 771 hostem,
873 688 944 759 illio
962 691 1071 760 occidi
1086 692 1146 761 ubi

74 817 232 870 torserat.
253 803 356 872 Dices
373 820 427 894 me
451 801 539 893 reip.
563 823 662 870 rausa
682 801 822 890 lecisse3
843 821 877 872 et
893 821 929 872 tu
943 808 1029 900 reip.
1047 831 1145 876 cauea

73 920 224 988 tacuisti.
254 923 366 994 Tutuo
388 919 453 999 ait,
470 919 473 926 ’
490 918 586 1008 quod.
608 917 684 1009 lege
710 919 840 988 fecerit.
871 920 1003 990 Deinde
1029 923 1146 994 ultima

71 1031 243 1124 equitatio
271 1032 441 1100 tractatio.
472 1030 548 1112 An,
581 1029 672 1122 quod
702 1031 804 1118 lecit,
833 1033 943 1102 lacere
972 1035 1142 1107 debuerit.

72 1147 146 1214 Hoc
160 1145 282 1214 divisit
298 1146 334 1212 in
350 1143 424 1212 lame
439 1143 507 1240 duo
523 1171 531 1210 ε
549 1145 602 1213 An
611 1143 682 1236 jam
697 1161 823 1212 certam
837 1148 1046 1218 sterilitatem
1061 1147 1146 1219 uxoss

74 1264 119 1330 ria
138 1261 240 1330 bouae
264 1262 356 1330 ferre
379 1257 501 1329 debeat
518 1287 526 1327 :
542 1283 586 1327 an
609 1284 654 1328 ne
675 1261 800 1328 sterilia
817 1263 956 1354 quidem
973 1289 1035 1358 pro
1051 1281 1145 1336 certo

73 1377 126 1444 sit.
156 1376 249 1444 Nori
281 1374 524 1442 declamarem
553 1375 691 1442 Poomoo
719 1397 796 1442 cum
821 1375 1062 1468 Apollodoro¹,
1084 1381 1144 1471 qui

73 1515 149 1558 tent
162 1490 325 1559 veneficii
342 1491 425 1572 fuit,
441 1505 477 1557 et
491 1515 512 1558 a
523 1488 677 1557 Pollione
699 1490 818 1557 Atinio
846 1489 1022 1577 delentur,
1043 1495 1142 1562 dam-

71 1621 168 1676 natus
185 1604 348 1673 Massiliae
373 1601 510 1686 docuit,
532 1619 566 1671 et
587 1603 677 1671 hane
695 1606 916 1697 quaestionem
934 1606 1088 1676 fecerunt
1104 1611 1140 1678 in
1227 1589 1231 1612 Ι

72 1725 159 1792 hanc
176 1724 464 1804 controversiam,
483 1721 536 1790 An
554 1722 646 1789 inter
663 1722 753 1790 rirot
766 1737 801 1790 et
814 1725 934 1792 uxorea
947 1723 1023 1792 data
1037 1725 1143 1795 beno

71 1841 168 1922 licia,
192 1841 320 1932 ingrati
337 1837 435 1931 lege²
454 1852 645 1906 teneantur.
667 1839 744 1905 Non
755 1853 813 1906 ‚eat
833 1838 1056 1926 beneficium,
1072 1843 1142 1912 'aed

72 1957 223 2026 officium
229 2006 242 2040 ,
264 1955 375 2024 facere
393 1946 485 2045 quod
502 1950 625 2022 debeas
643 1968 723 2038 zat,
743 1955 770 2021 ai
788 1953 879 2022 lilius
895 1948 982 2048 patri
1000 1982 1037 2026 ae
1051 1956 1140 2029 dicat

70 2074 277 2144 beneficium
291 2071 373 2140 dare
400 2070 722 2162 Haunqumotionem
735 2070 814 2138 lecit
826 2073 1135 2160 ethnmonotter.
1247 2107 1250 2116 ¹

114 2191 272 2256 Biannos
282 2188 317 2254 in
327 2186 444 2255 ultima
450 2201 545 2278 parte
558 2185 806 2265 controveraiae,
826 2209 892 2276 qua
907 2183 950 2252 de
963 2189 1138 2281 republica

71 2306 278 2401 disputatur,
299 2303 518 2395 queatiouem
536 2301 635 2383 feeit,
657 2301 710 2368 An
730 2301 998 2393 quinquennium
1018 2330 1140 2376 nume-

71 2426 137 2494 rari
155 2422 283 2491 debeat
300 2435 437 2512 excepta
456 2415 659 2511 tyrannide3
679 2416 764 2485 illud
782 2432 914 2510 tempus
929 2445 998 2488 non
1013 2422 1139 2492 debere

71 2539 233 2633 imputari
256 2535 354 2628 quati
377 2531 502 2616 sterili,
531 2557 599 2626 quo
620 2549 743 2601 matres
769 2534 869 2600 etiam
894 2533 1002 2603 editoe
1022 2555 1138 2630 portua

70 2655 270 2725 abominatae
286 2667 384 2736 aunt3
403 2650 490 2718 illud
507 2665 639 2743 tempus
656 2650 841 2741 imputatur
859 2648 994 2718 feminis
1015 2653 1053 2719 in
1076 2679 1135 2722 re-

71 2771 148 2863 pub.
173 2769 314 2864 quando
332 2769 486 2862 pariunt,
507 2789 576 2838 non
594 2765 670 2859 plus
687 2779 844 2856 tyranno.
865 2765 954 2833 Huic
970 2765 1133 2862 subjecit,

70 2888 119 2957 An
136 2888 265 2964 etiam,
286 2887 315 2952 ai
341 2898 376 2952 et
393 2884 468 2954 aliia
488 2882 647 2975 imputari
665 2897 796 2973 tempus
813 2881 1005 2973 tyrannidis
1025 2885 1134 2970 tolet,
1221 2875 1222 2880 ἵ
1270 2965 1277 2974 ,

68 3003 146 3073 huic·
166 3026 239 3070 non
257 3000 393 3070 debeat.

114 3123 231 3187 Larao
253 3140 373 3186 exano
395 3138 488 3185 more
511 3115 573 3183 hae
591 3139 659 3184 non
675 3118 876 3208 quaettionea
896 3117 1055 3211 putabat,
1076 3119 1136 3188 aed

70 3237 221 3307 membra
235 3208 326 3304 illius
340 3233 466 3302 ultimae
479 3234 599 3328 partia,
615 3256 656 3300 ex
671 3235 839 3324 aequitatis
852 3236 1037 3325 quaeatione
1050 3259 1139 3330 pen-

71 3503 197 3567 receperit
211 3499 270 3571 Ego
291 3497 484 3552 nihilmntem:
502 3515 580 3569 quum
629 3496 707 3566 nique
724 3493 799 3548 habet
815 3491 1137 3570 SchultingiurtNooide-

71 3575 200 3630 oberrem
213 3577 242 3630 iu
258 3575 433 3630 Diririonibut
450 3597 486 3629 an
506 3586 582 3630 etan
628 3577 785 3627 clamatores
798 3586 822 3628 et
831 3575 963 3627 Potamon
979 3595 1037 3629 cum
1053 3579 1136 3647 Apol·

71 3672 118 3706 παι
127 3655 273 3720 walandi,
294 3668 322 3707 nt
338 3655 366 3708 in
376 3655 434 3730 ipris
446 3653 519 3706 etiam
529 3689 537 3718 ,
549 3653 582 3704 ad
630 3653 726 3704 lodoro.
737 3652 778 3702 De
792 3652 932 3724 Potamone
945 3653 1041 3707 Seneca
1052 3668 1138 3708 noster

70 3753 204 3802 quanm
216 3735 365 3788 nomadum.
377 3733 475 3787 Schult.
631 3729 731 3783 Sumor.
746 3731 919 3796 2‚Polomon
929 3753 1041 3804 magnus
1053 3737 1136 3788 decla·

103 3813 250 3866 nPosmos
270 3833 329 3867 cum
347 3812 517 3880 Apollodoro.
536 3809 582 3861 le-
630 3809 783 3882 materfuit
801 3808 944 3879 Mitylenis.
966 3811 1137 3882 Apollodorus

71 3891 182 3962 gentum
193 3903 264 3962 putat
274 3891 392 3944 Schottnr
397 3891 526 3957 plurimos
533 3907 580 3958 pro
629 3886 754 3951 Brntidii‚
766 3887 898 3940 clarissimi
906 3889 1036 3955 illatoris,
1048 3907 1140 3958 priete-

70 3986 222 4032 parmos.-·
230 3967 310 4022 Notat
322 3980 406 4022 autem
418 3965 578 4019 Gronovius:
631 3978 699 4038 ptor;
712 3987 737 4017 v.
751 3966 838 4019 Contr.
850 3987 875 4038 9.
886 3967 938 4018 En.

71 4044 195 4099 Tostribe
205 4064 213 4099 ς
224 4045 309 4099 «Novi
321 4045 499 4099 declarantem
509 4043 582 4097 Pam·
662 4062 685 4095 n.
696 4047 804 4115 Inprntr'
811 4049 873 4114 lege.
881 4045 957 4116 vite,
968 4045 1079 4109 siverat,
1091 4045 1137 4097 tit.

71 4139 155 4176 menet
165 4143 227 4178 mm
240 4123 431 4196 Apollodoro.»
442 4122 502 4176 Non
513 4122 582 4174 enim
631 4123 727 4187 xm,
741 4123 861 4176 Pandect.
880 4123 910 4174 de
925 4122 1011 4174 donat.
1025 4121 1090 4176 inter
1100 4123 1139 4175 vi-
1152 4179 1155 4186 ,

73 4199 173 4254 mlum
184 4212 232 4268 eat,
240 4207 299 4254 novi
309 4220 319 4268 ,·
329 4200 374 4254 ted
384 4199 583 4254 nornen-De·
632 4221 688 4253 rum
704 4213 728 4253 et
738 4217 848 4254 uxorem.
865 4199 960 4254 seton.
