2874 4768
297 395 364 464 586
504 405 508 412 ’
619 397 666 460 Μ.
693 393 837 462 ANNAEl
860 393 1039 464 saum

291 519 410 606 video,
425 518 545 589 desino
557 522 674 590 mirari
686 521 780 612 quod
791 523 937 613 periisti.
949 521 1051 589 Tales
1063 521 1222 590 inimicos
1233 521 1387 604 lrabes,

298 638 444 706 utetiam
459 651 626 705 mortuum
638 651 896 729 persequantur.
913 636 1063 705 Facilius
1075 638 1250 720 miserum,
1264 659 1390 728 quam

298 749 657 833 sceleratum,lortuna
667 751 785 819 vincit.
798 751 974 844 Sumpsisti
985 748 1201 828 hocferrum,
1217 754 1325 830 Cato,
1343 769 1384 820 et

297 890 400 959 quam
414 864 618 934 invidiosum
630 870 638 900 ¹
658 865 749 956 quod
764 867 924 934 Catonem
941 867 1132 936 occideris?
1146 869 1274 955 Curti,
1286 890 1383 961 pcr-

296 982 432 1054 diderat
447 982 675 1075 sepulturam,
701 982 766 1049 nisi
791 983 827 1048 in
850 971 956 1051 morte
976 983 1170 1077 reperisses.
1190 984 1295 1076 Quid
1320 999 1380 1052 eet

297 1098 454 1169 miserius
468 1099 504 1165 in
517 1097 606 1178 vita,
622 1096 823 1189 quamvelle
837 1099 921 1164 mori
932 1099 947 1165 i
957 1096 1053 1190 Quid
1066 1099 1102 1164 in
1116 1114 1242 1184 morte,
1261 1122 1376 1190 qnam

297 1211 435 1304 sepeliri
453 1233 521 1279 non
550 1212 676 1306 posse?
701 1210 790 1302 Quis
819 1211 959 1280 miretur
984 1235 1061 1279 eum
1088 1213 1175 1281 mori
1195 1211 1374 1296 voluisse,

298 1349 396 1419 quem
413 1324 611 1417 lugientem
626 1314 763 1417 quoque
782 1325 917 1392 fortuna
933 1326 1183 1419 persequituri·
1193 1324 1375 1394 Omnibus

297 1455 417 1510 natura
429 1441 635 1535 sepulturam
653 1439 747 1509 dedit
761 1470 770 1528 3
789 1438 971 1531 naufragos
988 1439 1078 1508 idem
1094 1437 1215 1506 fluctus
1228 1441 1292 1530 qui
1308 1463 1374 1508 ex-

297 1555 404 1648 pulit,
429 1554 572 1648 sepelit3
594 1554 789 1622 suffixorum
808 1575 952 1647 corpora
969 1553 1128 1621 crucibus
1153 1553 1189 1619 in
1210 1555 1374 1646 sepultu-

299 1693 372 1739 ram
383 1693 475 1738 suam
492 1668 668 1764 defluunt3
687 1691 745 1738 eos
761 1670 819 1761 qui
835 1671 904 1737 vivi
920 1683 1080 1754 uruntur,
1098 1683 1194 1762 piena
1213 1667 1369 1737 lucer-at.

299 1786 449 1852 Irascere
462 1785 689 1866 interfectori,
712 1783 771 1852 sed
788 1787 948 1852 miserere
965 1783 1149 1852 interfecti.
1171 1783 1368 1871 Homicida,

301 1899 432 1991 inquit,
448 1915 500 1968 est
509 1950 520 1984 ,
538 1901 668 1991 quisse
684 1899 821 1968 oceidit.
841 1900 929 1967 Huic
945 1901 1116 1986 irasceris,
1137 1924 1283 1993 proquo
1299 1905 1371 1970 ira-

180 2015 187 2024 “
301 2015 434 2082 sceris?
450 2017 525 2081 Non
546 2013 641 2082 aliud
665 2013 819 2082 Scaevolae
845 2013 962 2082 Mucio
985 2037 1173 2106 cognomen
1194 2015 1312 2103 dedit,
1326 2035 1372 2084 et

303 2143 421 2221 capto,
450 2143 568 2196 contra
590 2131 795 2196 Porsennam
821 2151 958 2220 regem,
986 2127 1177 2196 libertatem
1201 2129 1369 2222 reliquit,

303 2265 403 2334 quam
422 2241 533 2311 vilitas
554 2246 620 2310 sui.
645 2245 722 2309 Non
738 2240 832 2311 aliud
853 2241 1025 2316 Codrum²
1043 2242 1130 2311 illud
1148 2245 1279 2311 cretes-is
1304 2245 1368 2312 im·

236 2403 238 2406 -
304 2355 517 2450 peratoribus
538 2353 632 2423 dedit
657 2355 865 2448 exemplum,
894 2379 992 2447 quam
1012 2354 1102 2447 quod
1119 2345 1239 2447 positis
1257 2357 1367 2451 impc-

305 2474 440 2540 ratoriis
456 2471 669 2565 insignibus,
690 2472 734 2540 ad
751 2487 890 2539 mortem
909 2471 1071 2539 cucurrit.
1092 2465 1250 2539 Nee'ullo
1263 2476 1369 2564 major

304 2586 368 2653 fuit
393 2584 483 2669 dux,
510 2607 609 2675 quam
628 2583 723 2676 quod
737 2607 776 2652 se
794 2581 913 2652 ducem
936 2597 1097 2672 non'esse
1122 2585 1281 2652 mentitus
1300 2601 1366 2654 est.

306 2704 381 2769 Non
397 2699 553 2793 postulo,
573 2714 611 2766 ut
627 2697 831 2790 gloriosum,
851 2698 910 2764 sed
920 2712 965 2765 ut
982 2711 1090 2765 tutum
1107 2699 1150 2766 sit
1169 2701 1270 2767 mori.
1289 2703 1369 2773 Non

308 2816 415 2906 magis
428 2811 583 2882 crudeles
597 2827 674 2879 sunt
685 2837 698 2893 ,·
711 2805 775 2903 quis
783 2809 934 2878 volentes
943 2805 1061 2881 ¹vivore
1075 2813 1253 2900 occidunt,
1268 2839 1368 2907 quam

307 2930 365 3020 qui
383 2930 467 2996 mori
483 2927 634 3024 uolentes
650 2945 727 2996 'non
752 2927 886 3026 sinunt.
901 2927 1040 2994 Curtius
1060 2925 1253 3019 dejiciendo
1271 2952 1308 2996 se
1335 2931 1368 2996 in

306 3044 514 3138 precipitem
530 3043 658 3124 locum,
677 3043 781 3110 fatum
801 3042 982 3134 sepulturae
998 3044 1145 3111 miscuit.
1168 3045 1367 3114 celebretur

310 3162 413 3244 Cato,
428 3160 507 3252 quia
521 3183 557 3227 se
569 3157 693 3228 occidit
709 3184 718 3226 ι
733 3157 816 3226 huic
832 3143 1034 3242 miserrimo,
1052 3157 1144 3250 quod
1155 3160 1290 3253 aliquid
1301 3185 1366 3229 non

309 3278 431 3368 ignave
447 3272 489 3342 de
506 3276 625 3369 spiritu
643 3299 703 3343 suo
722 3276 860 3355 statuit,
879 3290 1007 3342 tantum
1025 3275 1163 3366 impune
1186 3277 1242 3344 sit.
1261 3278 1364 3345 Etiam

313 3391 453 3460 vulnera
470 3391 616 3460 infelicis
632 3404 825 3460 scrutantur
839 3392 877 3457 in
892 3391 1035 3460 crimen.
1052 3391 1247 3475 AEstimate,
1262 3416 1309 3460 an
1318 3394 1367 3458 ri-

193 3485 201 3502 .
254 3569 259 3576 .
312 3531 391 3578 vere
408 3503 568 3591 licuerit,
589 3510 644 3574 cui
664 3508 812 3586 nemori
831 3506 967 3598 quidem
986 3507 1094 3579 licuit.

357 3667 468 3736 PARS
496 3665 682 3735 ALTERA.
704 3667 849 3733 Facinus
872 3665 1073 3760 indignum,
1100 3667 1129 3734 si
1154 3667 1367 3735 inveniantur

312 3807 450 3866 manus,
467 3781 543 3874 qu'ae
557 3780 720 3874 sepeliant
731 3805 825 3865 eum,
842 3803 941 3874 prem
958 3781 1208 3851 occideresuae.
1225 3784 1366 3877 sumpsit

348 3992 368 4024 r.
381 3971 418 4024 Et
434 3991 516 4040 quom
534 3971 697 4024 invidiosum.
710 3967 748 4020 E!
759 3971 819 4038 qui·
868 3971 938 4023 illud
949 3971 1048 4023 &drus
1057 3972 1135 4022 dedit.
1143 3971 1225 4023 Vetas
1237 3971 1315 4024 rodet
1325 3969 1368 4022 eli

314 4054 373 4104 dem
385 4053 549 4104 invidiosum.
561 4048 660 4104 Schott.
868 4047 914 4099 dit'
923 4048 1036 4100 Corlrrrm
1052 4049 1142 4112 illum,
1158 4059 1183 4100 et
1201 4066 1261 4100 mox
1273 4049 1318 4101 illo
1330 4063 1367 4121 prs

351 4147 372 4180 2·
390 4128 448 4180 Non
464 4131 543 4182 atiud
561 4129 680 4180 Codrtem.
700 4126 751 4180 Atii
771 4145 820 4179 non
871 4127 932 4178 ullo.
1091 4132 1099 4148 ⁸
