2842 4812
222 403 663 473 comnovnnetnrtunr
684 403 766 468 ue.
791 402 864 486 ιιι,
891 403 942 468 ιι.
1056 403 1121 492 ιιι

68 534 186 610 intrem
200 533 307 603 etiam
323 547 520 616 nocentem,
538 529 711 604 meliorem
737 544 866 612 temen,
889 530 919 602 ei
941 552 1011 601 non
1032 529 1123 602 oeci-

69 647 110 716 dit
124 649 350 724 innovantem.
367 649 531 722 Pertitem
543 664 654 718 numm
673 647 847 718 materiam
868 643 948 716 tacit
960 669 1043 740 ergo
1061 645 1123 717 het

69 764 252 851 questiones
268 763 436 835 Geminus
441 811 454 848 ,
473 777 508 830 et
524 761 649 854 quibus
667 758 758 830 idem
774 759 903 852 placuit
922 784 930 824 r
952 759 1006 828 Διι
1024 757 1124 828 obdi-

68 878 125 944 mri
142 900 208 946 nou
226 875 374 964 debent,
393 879 492 949 etiem
512 879 541 948 ei
558 891 735 947 nocentem
750 875 887 946 fratrem
899 896 970 945 non
982 873 1120 946 oceidit.

67 995 120 1062 Hie
136 993 239 1078 dixit,
260 997 341 1062 Non
360 995 477 1085 licuit,
494 1018 562 1062 uon
587 992 714 1077 debui,
738 1015 807 1068 non
830 992 939 1086 ponii.
954 991 1009 1062 An
1022 993 1123 1062 inuo-

67 1125 182 1178 centem
207 1134 279 1187 uon
300 1109 501 1187 meister-51¹.
522 1110 649 1183 Bellum
673 1133 746 1181 rem
770 1111 934 1181 Geminus
956 1108 1023 1182 hoo
1046 1107 1123 1176 ioco

68 1223 156 1308 dixit,
176 1251 285 1318 quum
303 1229 464 1320 ompieeet
481 1251 543 1320 per
561 1228 691 1297 omneis
707 1246 866 1298 numeros
885 1225 1023 1299 stettein
1047 1240 1125 1297 teu-

69 1365 153 1432 qmm
167 1369 264 1416 reum
279 1343 479 1418 defendere.
498 1347 618 1427 Dioet,
639 1343 774 1436 iuquit,
792 1343 930 1435 eliquit,
946 1343 1034 1414 Tem
1044 1368 1122 1414 sero

69 1458 233 1534 defendis?
251 1463 333 1534 Nou
351 1463 447 1556 potui
461 1463 574 1533 citius.
593 1461 703 1530 Hodie
716 1461 870 1554 primum
884 1483 940 1542 ree
960 1461 997 1529 in
1013 1459 1125 1530 forum

70 1571 164 1644 delita
178 1591 242 1652 est.
263 1577 476 1660 Novissime,
493 1600 537 1646 nn
551 1577 653 1646 etiem
670 1591 850 1650 nocentem
866 1576 946 1646 setis
958 1574 1122 1668 punierit.

108 1695 265 1767 COItOR.
286 1695 340 1764 De
353 1692 467 1764 ociore
479 1695 572 1764 inter
582 1695 741 1766 meumes
754 1710 789 1764 et
799 1709 951 1766 emtores
965 1709 1000 1764 et
1012 1691 1127 1764 decie-

71 1823 198 1878 metores
216 1811 430 1903 disputatum
448 1826 501 1881 eet
518 1838 527 1880 ι
542 1825 656 1882 utrum
676 1835 721 1880 ne
740 1810 873 1903 aliquid
890 1802 1034 1884 deberet
1053 1805 1122 1880 dici

71 1924 311 2009 innovemur,
328 1951 372 1994 eu
389 1927 494 1998 nihil,

107 2043 144 2109 P.
166 2043 334 2112 Aerem
351 2057 391 2112 et
413 2040 614 2126 Aronrroo⁸,
640 2059 675 2110 et
696 2043 987 2136 preter-oratorsed
1006 2063 1129 2136 magne

71 2153 220 2225 bonorum
238 2156 418 2224 rhetorum
438 2179 556 2224 menne
575 2156 612 2224 in
636 2155 726 2225 hene
749 2173 879 2249 partem
896 2159 1125 2240 transierunt,
1155 2166 1158 2176 “

73 2283 103 2334 ut
117 2269 149 2338 in
164 2291 349 2347 noveronm
367 2268 622 2339 inveherentur.

110 2385 262 2462 Fuerunt
282 2400 318 2454 et
338 2385 389 2454 iiii
413 2387 472 2478 qui
496 2367 566 2454 non
589 2383 728 2478 quidem
746 2387 855 2479 peinm
875 2384 1050 2470 dicerent,
1068 2386 1129 2454 ned

73 2520 125 2587 tter
140 2503 350 2594 suspiciones
363 2516 398 2570 et
412 2501 541 2595 figuret
557 2529 567 2570 ι
583 2525 685 2598 quem
703 2526 775 2571 rem
790 2527 859 2570 nou
873 2503 1038 2595 prebebat
1050 2505 1129 2570 Ριι·

74 2639 181 2704 ιιιιιι,
196 2635 230 2689 et
245 2618 379 2702 aiebat,
393 2621 505 2687 minue
518 2618 750 2689 verecundum
763 2643 852 2707 eote,
867 2634 926 2689 ent
938 2619 1127 2706 tolerabile,

75 2727 222 2808 insumere
241 2755 446 2818 novercam,
465 2756 566 2826 quom
583 2751 756 2802 accusare.

116 2846 261 2940 Quidem
279 2849 450 2943 principie
466 2865 596 2920 tontum
615 2849 810 2921 habuerunt
825 2851 860 2917 in
875 2873 935 2920 eun
950 2864 1127 2944 potestate,

76 2962 185 3036 deinde
202 2967 311 3039 abieti
329 2983 408 3039 eunt
426 2969 568 3061 impetu.
587 2969 784 3038 Excusetiue
796 2983 847 3036 eet
857 2984 968 3038 nutem
978 3017 990 3057 ,
1007 2970 1044 3038 in
1052 2993 1133 3039 mn-

77 3079 133 3158 ium
149 3084 298 3156 colorem
316 3077 507 3170 incidere³,
529 3109 631 3177 quem
648 3085 805 3154 treueire.

118 3199 221 3274 Ιιιιιο
243 3199 339 3269 iilum
357 3196 543 3268 introduxit
559 3199 706 3268 colorem
720 3215 849 3268 rectum
863 3199 900 3266 in
913 3195 1129 3286 narratione,

78 3385 121 3421 mn
130 3391 230 3444 capre,
245 3373 356 3444 denique
366 3384 443 3442 patre
450 3379 576 3444 populari
660 3395 681 3425 n.
695 3373 729 3426 P.
744 3373 881 3441 Asprenas
893 3385 918 3426 et
931 3375 1064 3429 Albutius.
1077 3376 1134 3427 Ve-

78 3466 157 3506 turete.
625 3469 688 3507 teres
702 3453 839 3519 editiones,
851 3453 885 3508 P.
896 3455 998 3509 Dsenus
1008 3467 1034 3508 et
1044 3457 1136 3509 Athe-

107 3549 125 3582 t·
140 3535 183 3586 An
202 3537 360 3587 innocentem
380 3555 432 3588 non
452 3537 575 3589 occiderit.
626 3539 685 3588 tius.
697 3535 734 3588 Ex
745 3535 837 3608 quibus
849 3535 962 3610 vestigiis
973 3535 1136 3590 scribendum
1253 3543 1258 3552 '

82 3604 155 3680 Lege,
167 3621 311 3677 nocentem,
324 3623 351 3664 ut
363 3625 539 3686 permanenter
550 3612 577 3666 in
627 3612 736 3684 eoiiigo,
750 3613 893 3667 Passienus
903 3625 928 3667 et
938 3615 1072 3668 Albutius.
1083 3615 1137 3669 Se·-

81 3705 310 3763 eorumgenere,
323 3691 579 3766 dequoeoeptumest
626 3691 728 3760 quentin
743 3691 812 3744 enirn
831 3691 924 3745 docent
944 3691 1090 3746 Passienum
1108 3691 1140 3744 in

82 3763 158 3836 egitnri
169 3767 197 3820 im
208 3767 347 3840 quastione
358 3771 447 3842 prima.
458 3771 487 3823 ld
496 3771 580 3824 solent
627 3790 762 3824 novercam
772 3784 854 3842 aperto
862 3769 998 3823 dicendum
1004 3767 1136 3822 censuisse.

83 3837 203 3898 observare
227 3845 373 3912 Rhetores,
393 3860 418 3899 et
435 3868 521 3901 sensus
538 3847 579 3900 hic
627 3851 663 3902 Ν.
677 3849 774 3901 Faber.

82 3922 579 3996 postulat.Quipiusoulasdivisioneshn·
662 3927 684 3978 3.
709 3927 745 3980 In
767 3932 869 3981 mulum
891 3931 1000 3981 colorem
1021 3925 1139 3977 incidere.

83 4015 129 4048 mm
140 4001 363 4056 controversiarum
374 4016 468 4059 attente
480 4005 577 4076 legerit,
628 4008 703 4076 Quod
718 4027 804 4061 eorum
819 4029 871 4061 esse
884 4005 1017 4077 inteiligit,
1030 4002 1075 4073 qui
1087 4021 1139 4056 au-

83 4073 144 4131 tacite
165 4081 190 4133 in
211 4081 278 4136 hanc
298 4099 407 4138 nostram
429 4084 578 4138 sententium
629 4087 744 4138 seruntur
766 4087 868 4158 impetu.
890 4082 997 4148 Simile,
1015 4080 1085 4151 quod
1104 4093 1140 4132 est

82 4159 194 4213 renudet.
210 4160 310 4216 Setun.
631 4163 718 4218 Contr.
732 4169 762 4220 25
776 4167 807 4219 do
822 4163 973 4232 oratoribus,
986 4182 1048 4235 quoe
1061 4181 1139 4232 quarn
