2878 4816
255 431 702 504 conrnovansmnuu
723 434 806 502 un.
834 435 886 518 11,
912 459 947 526 9.
1085 454 1143 527 ψ

14 587 18 601 ·
64 579 126 634 ant
134 563 458 656 insaniturapatre,
472 577 531 630 aut
540 563 665 630 totiens
673 579 835 656 peccatur
844 564 880 630 in
888 564 1150 658 patremi'quum

4 616 7 732 i
65 677 225 773 prodiero
234 691 382 771 repente
393 674 501 756 dives,
511 676 627 744 dicent
641 700 759 745 omnes
768 703 776 744 ε
786 676 876 768 Quis
889 694 941 746 est
952 678 1028 761 iste,
1043 701 1147 770 quem

65 818 184 886 magna
194 793 337 862 fortuna
344 817 414 862 non
420 791 623 868 deceti’baec
631 809 683 862 est
692 790 821 862 divitie
834 809 955 888 quarta
961 792 1146 862 abdicatio.

1 917 3 999 ζ
112 910 256 979 Srnoms
271 912 431 979 Pouren.
450 908 773 1002 Quantumcumque
786 925 857 994 est,
874 909 959 978 mihi
976 908 1057 979 satis
1069 924 1144 977 ests

1 1000 2 1081 i
63 1026 185 1094 unicus
204 1048 304 1110 snm,
329 1023 465 1092 fortiter
492 1023 660 1091 fortunam
686 1047 795 1092 meam
822 1023 941 1092 feram.
960 1025 1035 1092 Hoc
1056 1044 1150 1091 nunc

63 1140 146 1208 mibi
162 1143 320 1234 primam
333 1137 481 1225 accidit3
502 1137 613 1208 dictus
641 1163 715 1208 snm
742 1139 857 1208 divitis
883 1139 976 1208 filius
983 1189 996 1226 ,
1025 1138 1148 1233 etjam

1 1238 3 1275 ;
63 1259 218 1329 abdicor.
234 1255 334 1352 Quid
347 1257 459 1327 videri
479 1282 533 1327 me
552 1258 656 1342 velis,
672 1258 789 1327 nescio
806 1284 814 1325 :
830 1257 1072 1328 innocentem?
1087 1255 1148 1326 sed

63 1376 230 1446 abdicor:
247 1377 454 1445 nocentem?
472 1375 533 1444 sed
545 1375 910 1471 adoptor.'Utcumque
924 1392 1036 1444 tamen
1048 1373 1149 1444 abdi·

64 1495 149 1562 catio
170 1491 389 1562 tolerabilior
407 1507 477 1580 est3
500 1517 608 1562 unum
630 1491 787 1575 abdicat,
813 1492 951 1585 adoptio
968 1506 1051 1560 tres.
1069 1493 1147 1558 Non
1257 1547 1260 1554 ,

1 1627 3 1640 ’
64 1625 174 1702 potest
192 1607 280 1677 mibi
299 1606 369 1678 dici
383 1608 479 1702 quod
494 1611 627 1678 eaeteris
642 1607 809 1680 abdicatis
824 1635 833 1677 ι
848 1611 890 1678 In
905 1626 963 1676 tua
982 1619 1147 1703 potestate

1 1719 2 1726 '
65 1724 147 1812 fnit3
164 1725 194 1794 si
208 1726 383 1819 paruisses
399 1726 508 1818 patri,
528 1748 598 1793 non
614 1723 825 1819 perdidisses
840 1742 970 1820 patrem
988 1750 997 1793 t
1013 1719 1147 1792 etiamsi

1 1849 2 1876 ³
66 1863 135 1908 non
146 1836 346 1920 abdicarer,
365 1837 563 1934 perditurus
576 1839 640 1909 fui.

110 2009 230 2083 PARS
240 1997 792 2085 ALTERA.PoncrrLsrnors1s.Si
801 2017 968 2086 nescirem
976 2014 1062 2109 quid
1071 2013 1151 2084 mali

2 2222 3 2231 ἵ
66 2148 153 2200 esset
165 2131 375 2226 pauperies,
394 2155 487 2200 nunc
504 2130 751 2227 intelligerem,
770 2158 877 2226 quum
897 2127 1148 2203 abdicationem

66 2247 1148 2352 filinsmensnontimet.FabriciorumimaginesMetellispstue-

67 2369 179 2432 runt².
189 2364 405 2433 AEmiliorum
415 2381 449 2433 et
465 2365 663 2460 Scipionum
680 2365 825 2450 familias
836 2365 975 2460 adoptio
990 2368 1143 2436 miscuit:

68 2483 170 2550 etiam
183 2481 313 2550 abolita
326 2481 461 2550 saeculis
474 2483 613 2554 numina
638 2507 702 2576 per
716 2507 926 2553 successores
945 2508 1052 2555 novos
1072 2482 1146 2552 ful-

68 2612 164 2691 gent.
180 2595 240 2666 Sic
257 2595 317 2664 illa
326 2596 548 2695 patriciorum
560 2596 722 2666 nobilitas
734 2597 779 2666 ab
790 2595 1019 2666 fundamentis
1032 2592 1144 2680 urbis,

67 2714 229 2808 usquein
245 2713 321 2782 baec
341 2728 494 2806 tempora
513 2715 678 2784 constitit.
700 2713 848 2808 Adoptio
874 2715 1017 2783 fortunse
1035 2738 1149 2783 reme-

69 2826 161 2898 dium
177 2842 233 2897 est
245 2819 277 2896 ³.
291 2830 368 2904 Non
383 2827 505 2922 ignoro
521 2851 604 2921 ego,
621 2853 766 2921 quorum
779 2829 895 2924 inopia
907 2853 971 2924 per
987 2830 1094 2898 otium
1110 2831 1147 2900 in

68 2946 204 3040 angulis
218 2944 416 3014 divitiarum
429 2947 603 3014 convictos
616 2947 755 3041 strepit,
775 2948 1014 3041 accusatioque
1030 2937 1147 3016 conse·

68 3066 200 3156 quitur,
220 3085 334 3154 neque
351 3039 527 3154 quiescere
544 3064 638 3131 sinit.
656 3063 723 3132 Sed
743 3064 837 3134 nulla
861 3065 1004 3134 materia
1025 3065 1063 3131 in
1089 3081 1147 3133 re-

70 3176 134 3246 bus
150 3164 314 3246 humanis
335 3178 481 3246 virtutes
499 3176 624 3247 clarius
642 3178 791 3248 ostendit
803 3204 920 3249 censu.
935 3179 1150 3251 Senatorium

68 3349 177 3403 mnins-
190 3348 250 3420 rgo
263 3343 330 3399 nibil
342 3358 446 3400 mntem.
459 3345 585 3401 Controv.
635 3348 765 3421 adoptatos
772 3347 935 3421 nulloslegit.
942 3350 971 3402 Ρ.
979 3351 1084 3421 quidem
1090 3350 1149 3405 Sri-

68 3429 119 3481 Vll
129 3445 137 3480 ε
148 3423 311 3496 «Descripsit
320 3444 404 3478 mores
411 3424 524 3479 bominis
534 3425 584 3479 irn-
634 3427 677 3500 pio
687 3427 778 3480 Nasica
788 3448 802 3479 s
812 3426 846 3495 Q.
856 3428 963 3480 Metello
973 3428 1022 3483 Pio
1034 3442 1071 3482 est
1080 3430 1149 3483 edo-

68 3507 117 3580 pii,
139 3503 258 3566 cruenti,
272 3524 287 3550 s
309 3501 352 3556 lsie
374 3523 437 3556 vero
455 3509 584 3558 ementitis
633 3514 734 3577 platus,
747 3519 776 3558 ut
788 3507 815 3558 in
831 3507 1005 3561 §monetali
1021 3509 1150 3562 adnotavi.

69 3583 142 3657 paulo
154 3581 241 3655 magis
253 3579 452 3654 hyperbolicum
464 3594 508 3635 est.
516 3581 562 3636 Id.
633 3585 721 3639 cause
733 3585 817 3654 itaque
830 3583 907 3637 servit
921 3598 1015 3654 cretos,
1033 3587 1073 3639 vel
1086 3606 1147 3639 me-

1 3703 2 3710 ,
101 3662 370 3724 alianastasis,
384 3661 508 3734 etaltegs
518 3662 585 3726 enit
633 3661 812 3730 morislspsus
825 3663 1147 3718 estsnecsccurstssblsis

70 3750 157 3794 estest
164 3735 203 3794 sie
213 3739 313 3814 accipe,
324 3736 478 3791 hauddubie
489 3752 584 3810 quarte
633 3740 779 3795 censoribus
791 3740 917 3813 exigenda
927 3741 1082 3796 familiarum
1094 3762 1149 3794 no-

68 3818 234 3874 sbd'estionis
255 3835 360 3872 eausam
380 3816 454 3872 diviti
474 3821 584 3872 futurem
632 3820 999 3896 tiosvellibrariorumpotius
1011 3821 1149 3876 vitiosor-

71 3897 134 3955 bsne
152 3901 246 3954 rudem
267 3897 448 3968 incultumque
470 3898 584 3954 moribus
632 3911 705 3974 rupte
715 3901 838 3974 scriptum
849 3914 893 3956 est.
900 3901 1019 3956 Emendo
1030 3921 1037 3954 s
1048 3900 1147 3952 Fabiis·

70 3998 134 4034 πη
144 3981 304 4053 adoptatam.
315 3975 417 4031 Setute.
632 3997 692 4030 rum
708 3981 838 4050 imagines
848 3979 977 4034 AEmtttts
994 3987 1147 4047 pascemus.

101 4075 123 4108 s.
128 4057 315 4112 Fabriciorum
326 4057 459 4124 imagines
469 4055 584 4112 Metellis
629 4054 729 4110 Scitote.

70 4147 208 4202 mnus.
224 4133 391 4190 Mendosam
412 4132 478 4186 bsud
499 4133 583 4188 dubie.
667 4133 690 4188 3.
697 4137 814 4204 Adoptio
817 4136 935 4208 forem
944 4136 1088 4188 rerneds'um
1098 4146 1145 4192 est.

69 4213 175 4272 Metellos
187 4213 262 4270 enim
274 4233 292 4268 a
305 4208 432 4266 Fabriciis
442 4222 486 4264 aut
494 4224 582 4268 eontra
633 4215 673 4269 Nc
682 4214 771 4288 stirpes
783 4228 807 4268 et
818 4215 923 4270 familie
934 4215 1077 4286 intereant,
1088 4237 1144 4271 no—
