2876 4804
438 319 680 388 causano.
740 317 742 326 ’
1000 357 1003 364 -
1066 345 1085 417 7

35 461 85 504 uo
95 454 192 503 sexto
203 437 297 503 llelae
309 439 448 503 exitium
460 438 651 522 traditurus,
668 441 786 531 quibus
800 439 901 506 Gellio
919 457 952 504 et
967 441 1090 508 Seneca

5 627 6 636 ἵ
35 545 215 633 parentibus
226 560 340 610 natum
351 545 462 610 dicere
473 547 545 610 satis
554 547 677 612 habuit.
693 545 908 629 Quintilianus
918 547 951 610 in
964 550 1089 637 egrep'a

5 671 6 678 ¹
34 652 79 716 lta
89 668 262 716 sucturum
277 675 420 717 censura
432 653 528 716 unius
542 668 668 718 tantum
686 653 815 718 Senecae
825 654 1009 743 philosophi
1025 677 1089 719 me-

34 761 129 824 minit
145 761 296 848 Itemque
310 761 430 825 Statius
444 761 563 825 Lucani
580 762 781 850 genethliaco
797 761 876 827 dum
892 763 994 826 claros
1011 763 1089 826 Cor-

32 864 192 930 dubenses
210 883 370 932 recenset.
397 867 466 931 Nisi
485 866 617 932 fortasse
638 867 729 956 quod
746 891 765 932 a
782 867 917 932 Martiali
934 871 1088 962 scriptum

33 986 98 1036 est:

168 1101 302 1174 mosque
312 1101 445 1170 Senecas,
457 1102 621 1174 unicumque
634 1102 775 1157 Luoenum

209 1199 341 1262 Facunda
351 1201 473 1272 loquitur
485 1199 629 1272 Corduba,

35 1325 73 1390 de
83 1343 178 1415 patre
189 1344 223 1392 et
236 1325 302 1393 lilio
316 1329 389 1416 quis
401 1327 578 1416 intelligere
587 1327 672 1394 velit.
685 1325 718 1394 N
719 1351 770 1392 am
779 1326 870 1417 quod
879 1328 954 1394 alibi
962 1328 1086 1410 scr-fluit,

169 1485 251 1540 Atria
262 1485 392 1539 Pisonum
403 1483 513 1548 stabunt
524 1501 586 1538 cum
596 1493 737 1538 stemmate
750 1493 824 1553 toto,

211 1581 248 1637 Et
262 1581 337 1636 docti
349 1581 460 1636 Senecae
474 1591 517 1634 ter
529 1580 697 1635 numeranda
709 1580 820 1636 domus:

39 1709 77 1774 sd
87 1709 265 1776 Gdbonem
280 1709 435 1775 Senecam
445 1726 477 1774 et
488 1709 625 1792 Melam,
641 1711 756 1776 eodem
767 1727 915 1800 tempore
927 1712 1041 1800 opibus
1055 1729 1086 1776 et

42 1817 183 1905 digmtute
193 1815 362 1898 florentes,
375 1817 738 1906 Pisoniquefamiliares,
748 1817 982 1904 quodiisetiem
990 1819 1085 1882 exitio

43 1922 111 2002 fuit,
124 1946 272 2010 quosque
284 1921 436 1988 Martialis
448 1945 512 1988 unu
522 1923 638 2003 coluit,
651 1923 859 1988 referendum
871 1922 992 2011 judico.
1005 1923 1086 2008 Quae
1119 1921 1120 1924 ’

41 2043 139 2092 tanen
163 2051 205 2093 ex
233 2029 447 2092 Volaterrano
469 2030 579 2110 retuli,
601 2027 829 2117 undecumque
850 2029 902 2094 illa
919 2044 1085 2094 mutuatus

42 2133 145 2216 luerit,
161 2158 221 2224 pro
237 2136 333 2201 certis
346 2151 379 2199 et
390 2136 561 2224 compertis
574 2136 689 2201 habeo.
711 2135 918 2201 Praenominis
932 2134 1028 2200 fidem
1042 2137 1087 2201 fa-

43 2241 141 2322 ciunt,
156 2242 285 2308 Murcus
296 2241 518 2306 blandissimus
532 2242 586 2305 ille
596 2263 678 2330 puer
692 2241 820 2306 Senecoe
834 2241 1036 2331 philosophi,
1054 2259 1086 2308 et

44 2345 160 2412 llascus
170 2348 318 2412 Isumnus
329 2347 423 2412 Melae
433 2345 488 2412 filii
499 2348 532 2410 in
549 2347 599 2412 avi
613 2348 775 2412 honorem
792 2349 835 2412 ita
848 2348 961 2414 vocati.
981 2347 1083 2414 Natu-

46 2453 97 2516 rali
115 2455 195 2518 enim
212 2453 355 2542 quodam
369 2453 552 2542 impellente
569 2453 705 2536 aflectu,
728 2455 779 2518 vel
798 2477 870 2537 sua,
888 2455 939 2520 vel
956 2461 1085 2543 patrum

46 2560 229 2646 prenomine
239 2560 348 2624 liberis
359 2560 507 2646 antiquos
515 2559 682 2646 imponere
693 2559 802 2624 solitos
816 2561 1018 2624 observatum
1028 2575 1083 2624 est.

48 2663 114 2747 Quo
126 2667 222 2754 magis
243 2665 345 2732 miror
367 2663 619 2754 diligentissimos
641 2666 744 2748 viros,
764 2665 820 2753 qui
838 2663 935 2729 fastos
953 2663 1086 2753 digesse-

50 2788 129 2850 runt,
144 2771 279 2836 Lucium
290 2771 443 2836 Senecam
455 2771 701 2860 philosophum,
715 2771 804 2837 Lucii
814 2769 914 2836 filiurn
927 2793 967 2834 ex
979 2771 1085 2834 Dione

53 2895 79 2942 et
88 2880 189 2945 Tacito
204 2879 329 2944 dixisse.
350 2883 398 2944 Ac
411 2901 527 2944 vereor
542 2903 584 2943 ne
598 2881 707 2946 bacin
722 2903 759 2944 re
776 2879 1016 2945 auctoritatibus
1032 2877 1086 2943 de-

53 2981 346 3052 fic'autur.Pat1iarn
363 3007 442 3048 vero
461 2984 648 3049 Cordubam
665 2985 755 3049 liberi
770 3001 802 3050 et
812 3000 946 3074 nepotes
963 2982 1087 3048 Gordu-

52 3087 150 3156 benses
160 3091 307 3179 probant
321 3089 378 3154 Illa
389 3105 435 3154 est
446 3091 531 3154 enim
542 3089 668 3154 colonia
676 3091 759 3155 intra
771 3113 867 3179 quam
877 3113 911 3154 se
921 3089 1086 3154 detentum

51 3194 132 3260 luisse
146 3197 236 3262 bellis
248 3196 393 3262 ‹tiribbus
407 3196 483 3261 dicit
494 3198 528 3260 in
540 3197 725 3285 praefatione
737 3198 834 3284 hujus
848 3197 963 3285 operis.
981 3195 1087 3278 Quem
1212 3234 1216 3240 ·

51 3313 167 3399 prunam
188 3313 223 3378 in
241 3312 428 3403 Hispastiam
447 3311 618 3378 deductam
650 3309 770 3394 ᾤκησαν
795 3300 827 3384 ἐξ
845 3306 956 3398 ἀρχῆς,
983 3314 1088 3401 inquit

2 3409 3 3414 ἵ
51 3429 166 3512 Strabo,
181 3417 331 3516 l‘upaius
348 3447 402 3507 τε,
428 3422 479 3489 καὶ
510 3432 569 3490 τῶν
598 3419 764 3513 ἐπιχωρίων
795 3420 944 3488 imhsttrot
970 3414 1087 3516 ἄνδρες.

2 3535 3 3604 J
52 3533 131 3600 Unde
152 3537 246 3600 etiam
261 3535 398 3599 fortasse
417 3533 557 3598 Patriciae
578 3555 698 3596 nomen
721 3532 750 3594 ei
771 3529 917 3599 inditum.
939 3531 1022 3598 Nam
1045 3534 1089 3598 ita

2 3617 3 3704 i
52 3641 366 3734 ipsamcognominari
376 3639 507 3721 Plinius,
521 3639 735 3727 capiteprirno
746 3637 818 3702 libri
835 3639 919 3702 tertii
929 3639 1089 3705 Naturalis

2 3737 3 3742 ἵ
56 3743 194 3832 ilistoriae,
208 3747 379 3814 memoriae
394 3743 551 3833 prodidit,
569 3760 601 3808 et
621 3745 655 3809 in¹
668 3743 859 3833 quibusdam
873 3745 1011 3812 nummis
1025 3748 1091 3809 Au-

54 3857 117 3942 gtsti
131 3880 149 3922 a
162 3873 258 3946 tergo
269 3851 471 3939 inscriptum
483 3863 529 3914 est
542 3873 611 3916 cor.
627 3871 798 3930 rarescat,
815 3852 948 3938 ejusque
961 3852 1046 3916 cives
1056 3851 1089 3912 in

52 3961 184 4052 lepidibus
210 3959 363 4050 antiquis
393 3956 599 4024 Patricienses
622 3957 834 4046 appellantur.
864 3955 995 4022 Ordinis
1012 3977 1090 4022 vero

49 4072 179 4158 quouis
192 4069 301 4137 fuisse
315 4079 435 4154 preter
446 4062 592 4128 Tacitum
603 4064 671 4152 ipse
689 4059 775 4128 dese
788 4063 897 4129 scribit
906 4061 1091 4151 prefatione
