<?xml version="1.0" encoding="UTF-8"?>
<!DOCTYPE html PUBLIC "-//W3C//DTD XHTML 1.0 Transitional//EN"
    "http://www.w3.org/TR/xhtml1/DTD/xhtml1-transitional.dtd">
<html xmlns="http://www.w3.org/1999/xhtml" xml:lang="en" lang="en">
 <head>
  <title>
</title>
<meta http-equiv="Content-Type" content="text/html;charset=utf-8" />
  <meta name='ocr-system' content='tesseract 3.04.00' />
  <meta name='ocr-capabilities' content='ocr_page ocr_carea ocr_par ocr_line ocrx_word'/>
</head>
<body>
  <div class='ocr_page' id='page_1' title='image "./lannsenecparspr00bouigoog_0050.png"; bbox 0 0 2876 4804; ppageno 0'>
   <div class='ocr_carea' id='block_1_1' title="bbox 354 297 1087 386">
    <p class='ocr_par' dir='ltr' id='par_1_1' title="bbox 354 297 1087 386">
     <span class='ocr_line' id='line_1_1' title="bbox 354 297 1087 386; baseline 0.003 -17"><span class='ocrx_word' id='word_1_1' title='bbox 354 297 401 369; x_wconf 72' lang='lat'>30</span> <span class='ocrx_word' id='word_1_2' title='bbox 675 301 810 370; x_wconf 82' lang='lat' dir='ltr'>ANDR.</span> <span class='ocrx_word' id='word_1_3' title='bbox 837 302 1087 386; x_wconf 80' lang='lat' dir='ltr'>SCHOTFUS,</span> 
     </span>
    </p>
   </div>
   <div class='ocr_carea' id='block_1_2' title="bbox 348 421 1421 1039">
    <p class='ocr_par' dir='ltr' id='par_1_2' title="bbox 352 421 1421 825">
     <span class='ocr_line' id='line_1_2' title="bbox 354 421 1420 510; baseline 0.001 -24"><span class='ocrx_word' id='word_1_4' title='bbox 354 437 388 486; x_wconf 89' lang='lat' dir='ltr'>ut</span> <span class='ocrx_word' id='word_1_5' title='bbox 398 421 537 486; x_wconf 88' lang='lat' dir='ltr'>Neronis</span> <span class='ocrx_word' id='word_1_6' title='bbox 544 421 640 484; x_wconf 89' lang='lat' dir='ltr'>Drusi</span> <span class='ocrx_word' id='word_1_7' title='bbox 649 435 826 509; x_wconf 75' lang='lat' dir='ltr'>praeceptor</span> <span class='ocrx_word' id='word_1_8' title='bbox 837 421 881 488; x_wconf 84' lang='lat' dir='ltr'>M.</span> <span class='ocrx_word' id='word_1_9' title='bbox 890 421 1030 510; x_wconf 88' lang='lat' dir='ltr'>Lepidus</span> <span class='ocrx_word' id='word_1_10' title='bbox 1046 422 1317 508; x_wconf 81' lang='lat' dir='ltr'>extiterit,.quein</span> <span class='ocrx_word' id='word_1_11' title='bbox 1334 445 1420 488; x_wconf 89' lang='lat' dir='ltr'>cnm</span> 
     </span>
     <span class='ocr_line' id='line_1_3' title="bbox 353 525 1421 616; baseline 0 -23"><span class='ocrx_word' id='word_1_12' title='bbox 353 527 473 594; x_wconf 78' lang='lat' dir='ltr'>Scauro</span> <span class='ocrx_word' id='word_1_13' title='bbox 486 525 674 616; x_wconf 88' lang='lat' dir='ltr'>declamasse</span> <span class='ocrx_word' id='word_1_14' title='bbox 683 527 821 608; x_wconf 82' lang='lat' dir='ltr'><strong>Seneca,</strong></span> <span class='ocrx_word' id='word_1_15' title='bbox 834 543 867 590; x_wconf 90' lang='lat' dir='ltr'>ct</span> <span class='ocrx_word' id='word_1_16' title='bbox 875 528 972 592; x_wconf 63' lang='lat' dir='ltr'>Comi</span> <span class='ocrx_word' id='word_1_17' title='bbox 984 529 1111 592; x_wconf 83' lang='lat' dir='ltr'>Tacitus</span> <span class='ocrx_word' id='word_1_18' title='bbox 1121 527 1176 592; x_wconf 92' lang='lat' dir='ltr'>lib.</span> <span class='ocrx_word' id='word_1_19' title='bbox 1189 527 1232 608; x_wconf 85' lang='lat'>11,</span> <span class='ocrx_word' id='word_1_20' title='bbox 1245 543 1277 592; x_wconf 89' lang='lat' dir='ltr'>et</span> <span class='ocrx_word' id='word_1_21' title='bbox 1289 529 1351 592; x_wconf 73' lang='lat' dir='ltr'>Gn.</span> <span class='ocrx_word' id='word_1_22' title='bbox 1366 528 1421 592; x_wconf 84' lang='lat' dir='ltr'>Pi·</span> 
     </span>
     <span class='ocr_line' id='line_1_4' title="bbox 352 630 1420 710; baseline 0.002 -14"><span class='ocrx_word' id='word_1_23' title='bbox 352 632 423 696; x_wconf 90' lang='lat' dir='ltr'>soni</span> <span class='ocrx_word' id='word_1_24' title='bbox 444 630 536 694; x_wconf 78' lang='lat' dir='ltr'>caedis</span> <span class='ocrx_word' id='word_1_25' title='bbox 548 631 728 695; x_wconf 85' lang='lat' dir='ltr'>Germanici</span> <span class='ocrx_word' id='word_1_26' title='bbox 739 653 797 696; x_wconf 88' lang='lat' dir='ltr'>reo</span> <span class='ocrx_word' id='word_1_27' title='bbox 811 631 940 710; x_wconf 87' lang='lat' dir='ltr'>affuisse</span> <span class='ocrx_word' id='word_1_28' title='bbox 953 631 1093 698; x_wconf 85' lang='lat' dir='ltr'>tradunt.</span> <span class='ocrx_word' id='word_1_29' title='bbox 1108 632 1213 700; x_wconf 86' lang='lat' dir='ltr'>Venio</span> <span class='ocrx_word' id='word_1_30' title='bbox 1225 631 1265 698; x_wconf 86' lang='lat' dir='ltr'>ad</span> <span class='ocrx_word' id='word_1_31' title='bbox 1277 633 1420 698; x_wconf 84' lang='lat' dir='ltr'>alteram</span> 
     </span>
     <span class='ocr_line' id='line_1_5' title="bbox 353 736 678 825; baseline 0.003 -25"><span class='ocrx_word' id='word_1_32' title='bbox 353 736 501 825; x_wconf 85' lang='lat' dir='ltr'>promissi</span> <span class='ocrx_word' id='word_1_33' title='bbox 515 752 640 824; x_wconf 90' lang='lat' dir='ltr'>partem</span> <span class='ocrx_word' id='word_1_34' title='bbox 657 748 678 801; x_wconf 87' lang='lat'>¹.</span> 
     </span>
    </p>

    <p class='ocr_par' dir='ltr' id='par_1_3' title="bbox 348 842 1418 1039">
     <span class='ocr_line' id='line_1_6' title="bbox 396 842 1418 932; baseline 0.001 -25"><span class='ocrx_word' id='word_1_35' title='bbox 396 843 589 907; x_wconf 79' lang='lat' dir='ltr'>Declamatio</span> <span class='ocrx_word' id='word_1_36' title='bbox 608 842 686 906; x_wconf 91' lang='lat' dir='ltr'>nihil</span> <span class='ocrx_word' id='word_1_37' title='bbox 706 859 752 907; x_wconf 88' lang='lat' dir='ltr'>est</span> <span class='ocrx_word' id='word_1_38' title='bbox 769 842 871 924; x_wconf 85' lang='lat' dir='ltr'>aliud,</span> <span class='ocrx_word' id='word_1_39' title='bbox 889 867 986 931; x_wconf 90' lang='lat' dir='ltr'>quarn</span> <span class='ocrx_word' id='word_1_40' title='bbox 1003 844 1104 908; x_wconf 87' lang='lat' dir='ltr'>oratio</span> <span class='ocrx_word' id='word_1_41' title='bbox 1118 845 1324 925; x_wconf 85' lang='lat' dir='ltr'>scholastica,</span> <span class='ocrx_word' id='word_1_42' title='bbox 1339 867 1418 932; x_wconf 79' lang='lat' dir='ltr'>quae</span> 
     </span>
     <span class='ocr_line' id='line_1_7' title="bbox 348 937 1413 1039; baseline 0.002 -27"><span class='ocrx_word' id='word_1_43' title='bbox 348 937 394 1013; x_wconf 74' lang='lat' dir='ltr'>¹sit</span> <span class='ocrx_word' id='word_1_44' title='bbox 409 949 586 1014; x_wconf 88' lang='lat' dir='ltr'>forensium</span> <span class='ocrx_word' id='word_1_45' title='bbox 595 953 758 1016; x_wconf 89' lang='lat' dir='ltr'>actionum</span> <span class='ocrx_word' id='word_1_46' title='bbox 769 949 1019 1039; x_wconf 85' lang='lat' dir='ltr'>meditatio,qua</span> <span class='ocrx_word' id='word_1_47' title='bbox 1029 949 1069 1014; x_wconf 90' lang='lat' dir='ltr'>ad</span> <span class='ocrx_word' id='word_1_48' title='bbox 1078 973 1219 1039; x_wconf 85' lang='lat' dir='ltr'>pugnam</span> <span class='ocrx_word' id='word_1_49' title='bbox 1226 950 1413 1030; x_wconf 88' lang='lat' dir='ltr'>forensem,</span> 
     </span>
    </p>
   </div>
   <div class='ocr_carea' id='block_1_3' title="bbox 355 1054 1417 1244">
    <p class='ocr_par' dir='ltr' id='par_1_4' title="bbox 355 1054 1417 1244">
     <span class='ocr_line' id='line_1_8' title="bbox 355 1054 1416 1142; baseline -0.001 -24"><span class='ocrx_word' id='word_1_50' title='bbox 355 1055 443 1118; x_wconf 88' lang='lat' dir='ltr'>velut</span> <span class='ocrx_word' id='word_1_51' title='bbox 455 1056 621 1142; x_wconf 83' lang='lat' dir='ltr'>praepilatis</span> <span class='ocrx_word' id='word_1_52' title='bbox 635 1056 778 1120; x_wconf 79' lang='lat' dir='ltr'>exerceri</span> <span class='ocrx_word' id='word_1_53' title='bbox 792 1054 868 1118; x_wconf 90' lang='lat' dir='ltr'>olim</span> <span class='ocrx_word' id='word_1_54' title='bbox 881 1055 1035 1142; x_wconf 84' lang='lat' dir='ltr'>solebant.</span> <span class='ocrx_word' id='word_1_55' title='bbox 1055 1055 1157 1119; x_wconf 81' lang='lat' dir='ltr'>Groeci</span> <span class='ocrx_word' id='word_1_56' title='bbox 1170 1079 1188 1119; x_wconf 92' lang='lat' dir='ltr'>a</span> <span class='ocrx_word' id='word_1_57' title='bbox 1203 1077 1280 1119; x_wconf 82' lang='lat' dir='ltr'>cura</span> <span class='ocrx_word' id='word_1_58' title='bbox 1295 1071 1330 1118; x_wconf 91' lang='lat' dir='ltr'>et</span> <span class='ocrx_word' id='word_1_59' title='bbox 1345 1077 1416 1118; x_wconf 89' lang='lat' dir='ltr'>me·</span> 
     </span>
     <span class='ocr_line' id='line_1_9' title="bbox 356 1153 1417 1244; baseline 0.002 -24"><span class='ocrx_word' id='word_1_60' title='bbox 356 1157 508 1220; x_wconf 87' lang='lat' dir='ltr'>ditatione</span> <span class='ocrx_word' id='word_1_61' title='bbox 529 1153 653 1244; x_wconf 81' lang='grc' dir='ltr'>μελέτας</span> <span class='ocrx_word' id='word_1_62' title='bbox 682 1172 807 1222; x_wconf 84' lang='lat' dir='ltr'>vocant.</span> <span class='ocrx_word' id='word_1_63' title='bbox 826 1157 876 1220; x_wconf 90' lang='lat' dir='ltr'>Sic</span> <span class='ocrx_word' id='word_1_64' title='bbox 888 1157 956 1221; x_wconf 92' lang='lat' dir='ltr'>fere</span> <span class='ocrx_word' id='word_1_65' title='bbox 970 1157 1095 1222; x_wconf 82' lang='lat' dir='ltr'>Fabius.</span> <span class='ocrx_word' id='word_1_66' title='bbox 1109 1157 1228 1221; x_wconf 83' lang='lat' dir='ltr'>Seneca</span> <span class='ocrx_word' id='word_1_67' title='bbox 1239 1156 1312 1221; x_wconf 90' lang='lat' dir='ltr'>alibi</span> <span class='ocrx_word' id='word_1_68' title='bbox 1321 1157 1417 1222; x_wconf 83' lang='lat' dir='ltr'>aliter</span> 
     </span>
    </p>
   </div>
   <div class='ocr_carea' id='block_1_4' title="bbox 355 1262 1422 3559">
    <p class='ocr_par' dir='ltr' id='par_1_5' title="bbox 355 1262 1417 2068">
     <span class='ocr_line' id='line_1_10' title="bbox 360 1262 1416 1344; baseline -0.001 -16"><span class='ocrx_word' id='word_1_69' title='bbox 360 1265 403 1328; x_wconf 87' lang='lat' dir='ltr'>ait</span> <span class='ocrx_word' id='word_1_70' title='bbox 424 1263 633 1328; x_wconf 86' lang='lat' dir='ltr'>declamatum</span> <span class='ocrx_word' id='word_1_71' title='bbox 648 1279 721 1327; x_wconf 90' lang='lat' dir='ltr'>ante</span> <span class='ocrx_word' id='word_1_72' title='bbox 739 1264 946 1344; x_wconf 85' lang='lat' dir='ltr'>Ciceronem,</span> <span class='ocrx_word' id='word_1_73' title='bbox 962 1263 1054 1327; x_wconf 88' lang='lat' dir='ltr'>aliter</span> <span class='ocrx_word' id='word_1_74' title='bbox 1065 1286 1084 1326; x_wconf 91' lang='lat' dir='ltr'>a</span> <span class='ocrx_word' id='word_1_75' title='bbox 1097 1264 1269 1344; x_wconf 88' lang='lat' dir='ltr'>Cicerone,</span> <span class='ocrx_word' id='word_1_76' title='bbox 1287 1262 1383 1326; x_wconf 85' lang='lat' dir='ltr'>aliter</span> <span class='ocrx_word' id='word_1_77' title='bbox 1395 1286 1416 1327; x_wconf 80' lang='lat' dir='ltr'>a</span> 
     </span>
     <span class='ocr_line' id='line_1_11' title="bbox 356 1368 1413 1457; baseline -0.002 -23"><span class='ocrx_word' id='word_1_78' title='bbox 356 1370 508 1457; x_wconf 84' lang='lat' dir='ltr'>posteris:</span> <span class='ocrx_word' id='word_1_79' title='bbox 526 1368 618 1456; x_wconf 86' lang='lat' dir='ltr'>quod</span> <span class='ocrx_word' id='word_1_80' title='bbox 628 1369 770 1434; x_wconf 90' lang='lat' dir='ltr'>studium</span> <span class='ocrx_word' id='word_1_81' title='bbox 784 1371 827 1433; x_wconf 87' lang='lat' dir='ltr'>ait</span> <span class='ocrx_word' id='word_1_82' title='bbox 841 1386 914 1457; x_wconf 89' lang='lat' dir='ltr'>post</span> <span class='ocrx_word' id='word_1_83' title='bbox 927 1392 960 1434; x_wconf 89' lang='lat' dir='ltr'>se</span> <span class='ocrx_word' id='word_1_84' title='bbox 974 1383 1101 1450; x_wconf 90' lang='lat' dir='ltr'>natum,</span> <span class='ocrx_word' id='word_1_85' title='bbox 1114 1385 1147 1432; x_wconf 89' lang='lat' dir='ltr'>ct</span> <span class='ocrx_word' id='word_1_86' title='bbox 1154 1368 1413 1452; x_wconf 60' lang='lat' dir='ltr'>Declamantem}</span> 
     </span>
     <span class='ocr_line' id='line_1_12' title="bbox 357 1473 1414 1562; baseline 0 -24"><span class='ocrx_word' id='word_1_87' title='bbox 357 1498 475 1539; x_wconf 92' lang='lat' dir='ltr'>nomen</span> <span class='ocrx_word' id='word_1_88' title='bbox 486 1491 580 1562; x_wconf 81' lang='lat' dir='ltr'>negat</span> <span class='ocrx_word' id='word_1_89' title='bbox 589 1491 663 1539; x_wconf 91' lang='lat' dir='ltr'>ante</span> <span class='ocrx_word' id='word_1_90' title='bbox 675 1475 883 1554; x_wconf 86' lang='lat' dir='ltr'>Ciceronem,</span> <span class='ocrx_word' id='word_1_91' title='bbox 896 1491 928 1538; x_wconf 89' lang='lat' dir='ltr'>et</span> <span class='ocrx_word' id='word_1_92' title='bbox 939 1474 1072 1538; x_wconf 83' lang='lat' dir='ltr'>Calvum</span> <span class='ocrx_word' id='word_1_93' title='bbox 1084 1475 1211 1539; x_wconf 91' lang='lat' dir='ltr'>lectum.</span> <span class='ocrx_word' id='word_1_94' title='bbox 1224 1475 1301 1558; x_wconf 84' lang='lat' dir='ltr'>Ejus</span> <span class='ocrx_word' id='word_1_95' title='bbox 1313 1473 1414 1538; x_wconf 88' lang='lat' dir='ltr'>studii</span> 
     </span>
     <span class='ocr_line' id='line_1_13' title="bbox 355 1581 1416 1668; baseline -0.001 -23"><span class='ocrx_word' id='word_1_96' title='bbox 355 1582 574 1646; x_wconf 85' lang='lat' dir='ltr'>inventionem</span> <span class='ocrx_word' id='word_1_97' title='bbox 591 1581 708 1644; x_wconf 85' lang='lat' dir='ltr'>Fabius</span> <span class='ocrx_word' id='word_1_98' title='bbox 722 1582 877 1644; x_wconf 82' lang='lat' dir='ltr'>Demenii</span> <span class='ocrx_word' id='word_1_99' title='bbox 891 1581 1044 1644; x_wconf 68' lang='lat' dir='ltr'>Phalerei</span> <span class='ocrx_word' id='word_1_100' title='bbox 1055 1583 1153 1662; x_wconf 75' lang='lat' dir='ltr'>aetati,</span> <span class='ocrx_word' id='word_1_101' title='bbox 1164 1596 1220 1644; x_wconf 90' lang='lat' dir='ltr'>aut</span> <span class='ocrx_word' id='word_1_102' title='bbox 1231 1581 1274 1644; x_wconf 92' lang='lat' dir='ltr'>illi</span> <span class='ocrx_word' id='word_1_103' title='bbox 1285 1581 1346 1668; x_wconf 87' lang='lat' dir='ltr'>ipsi</span> <span class='ocrx_word' id='word_1_104' title='bbox 1357 1581 1416 1644; x_wconf 85' lang='lat' dir='ltr'>tri·</span> 
     </span>
     <span class='ocr_line' id='line_1_14' title="bbox 356 1684 1416 1773; baseline -0.001 -22"><span class='ocrx_word' id='word_1_105' title='bbox 356 1685 525 1752; x_wconf 89' lang='lat' dir='ltr'>buendum</span> <span class='ocrx_word' id='word_1_106' title='bbox 543 1701 653 1773; x_wconf 83' lang='lat' dir='ltr'>putat,</span> <span class='ocrx_word' id='word_1_107' title='bbox 670 1684 805 1749; x_wconf 83' lang='lat' dir='ltr'>fortasse</span> <span class='ocrx_word' id='word_1_108' title='bbox 818 1685 1012 1749; x_wconf 82' lang='lat' dir='ltr'>Demochari</span> <span class='ocrx_word' id='word_1_109' title='bbox 1025 1708 1064 1749; x_wconf 91' lang='lat' dir='ltr'>ex</span> <span class='ocrx_word' id='word_1_110' title='bbox 1077 1687 1243 1750; x_wconf 88' lang='lat' dir='ltr'>Cicerone.</span> <span class='ocrx_word' id='word_1_111' title='bbox 1265 1687 1416 1750; x_wconf 87' lang='lat' dir='ltr'>Primum</span> 
     </span>
     <span class='ocr_line' id='line_1_15' title="bbox 357 1789 1417 1878; baseline -0.001 -22"><span class='ocrx_word' id='word_1_112' title='bbox 357 1815 435 1856; x_wconf 86' lang='lat' dir='ltr'>vero</span> <span class='ocrx_word' id='word_1_113' title='bbox 457 1795 524 1876; x_wconf 83' lang='lat' dir='ltr'>ejus</span> <span class='ocrx_word' id='word_1_114' title='bbox 541 1789 747 1878; x_wconf 81' lang='lat' dir='ltr'>professionis</span> <span class='ocrx_word' id='word_1_115' title='bbox 770 1791 956 1878; x_wconf 83' lang='lat' dir='ltr'>magistrum</span> <span class='ocrx_word' id='word_1_116' title='bbox 975 1793 1086 1855; x_wconf 78' lang='lat' dir='ltr'>Rornae</span> <span class='ocrx_word' id='word_1_117' title='bbox 1105 1792 1278 1856; x_wconf 89' lang='lat' dir='ltr'>Suetonius</span> <span class='ocrx_word' id='word_1_118' title='bbox 1292 1791 1327 1855; x_wconf 75' lang='lat'>1.</span> <span class='ocrx_word' id='word_1_119' title='bbox 1342 1792 1417 1855; x_wconf 75' lang='lat' dir='ltr'>Plo</span> 
     </span>
     <span class='ocr_line' id='line_1_16' title="bbox 358 1896 1416 1985; baseline 0 -24"><span class='ocrx_word' id='word_1_120' title='bbox 358 1899 439 1962; x_wconf 89' lang='lat' dir='ltr'>tium</span> <span class='ocrx_word' id='word_1_121' title='bbox 451 1896 592 1976; x_wconf 86' lang='lat' dir='ltr'>inducit,</span> <span class='ocrx_word' id='word_1_122' title='bbox 611 1920 709 1984; x_wconf 91' lang='lat' dir='ltr'>quem</span> <span class='ocrx_word' id='word_1_123' title='bbox 728 1913 760 1960; x_wconf 87' lang='lat' dir='ltr'>et</span> <span class='ocrx_word' id='word_1_124' title='bbox 773 1897 928 1985; x_wconf 83' lang='lat' dir='ltr'>insignem</span> <span class='ocrx_word' id='word_1_125' title='bbox 939 1898 1075 1961; x_wconf 86' lang='lat' dir='ltr'>maxime</span> <span class='ocrx_word' id='word_1_126' title='bbox 1091 1897 1188 1962; x_wconf 87' lang='lat' dir='ltr'>fuisse</span> <span class='ocrx_word' id='word_1_127' title='bbox 1201 1897 1317 1962; x_wconf 87' lang='lat' dir='ltr'>Fabius</span> <span class='ocrx_word' id='word_1_128' title='bbox 1329 1919 1416 1961; x_wconf 92' lang='lat' dir='ltr'>com-</span> 
     </span>
     <span class='ocr_line' id='line_1_17' title="bbox 361 2020 529 2068; baseline 0 0"><span class='ocrx_word' id='word_1_129' title='bbox 361 2020 529 2068; x_wconf 89' lang='lat' dir='ltr'>memorat.</span> 
     </span>
    </p>

    <p class='ocr_par' dir='ltr' id='par_1_6' title="bbox 361 2103 1420 3242">
     <span class='ocr_line' id='line_1_18' title="bbox 407 2103 1418 2197; baseline 0 -25"><span class='ocrx_word' id='word_1_130' title='bbox 407 2107 499 2172; x_wconf 88' lang='lat' dir='ltr'>Idem</span> <span class='ocrx_word' id='word_1_131' title='bbox 521 2108 574 2172; x_wconf 93' lang='lat' dir='ltr'>lib.</span> <span class='ocrx_word' id='word_1_132' title='bbox 598 2109 629 2172; x_wconf 88' lang='lat' dir='ltr'>X</span> <span class='ocrx_word' id='word_1_133' title='bbox 663 2111 804 2197; x_wconf 88' lang='lat' dir='ltr'>primum</span> <span class='ocrx_word' id='word_1_134' title='bbox 828 2109 904 2173; x_wconf 83' lang='lat' dir='ltr'>clari</span> <span class='ocrx_word' id='word_1_135' title='bbox 933 2103 1070 2174; x_wconf 86' lang='lat' dir='ltr'>nominis</span> <span class='ocrx_word' id='word_1_136' title='bbox 1096 2107 1311 2195; x_wconf 77' lang='lat' dir='ltr'>professorem</span> <span class='ocrx_word' id='word_1_137' title='bbox 1340 2109 1418 2174; x_wconf 90' lang='lat' dir='ltr'>facit</span> 
     </span>
     <span class='ocr_line' id='line_1_19' title="bbox 361 2214 1415 2301; baseline -0.001 -22"><span class='ocrx_word' id='word_1_138' title='bbox 361 2215 513 2279; x_wconf 91' lang='lat' dir='ltr'>Porcium</span> <span class='ocrx_word' id='word_1_139' title='bbox 528 2215 708 2278; x_wconf 87' lang='lat' dir='ltr'>Latronem.</span> <span class='ocrx_word' id='word_1_140' title='bbox 724 2215 784 2278; x_wconf 92' lang='lat' dir='ltr'>Cui</span> <span class='ocrx_word' id='word_1_141' title='bbox 799 2229 905 2278; x_wconf 87' lang='lat' dir='ltr'>tamen</span> <span class='ocrx_word' id='word_1_142' title='bbox 920 2229 1080 2301; x_wconf 88' lang='lat' dir='ltr'>quatuor,</span> <span class='ocrx_word' id='word_1_143' title='bbox 1097 2230 1152 2276; x_wconf 88' lang='lat' dir='ltr'>aut</span> <span class='ocrx_word' id='word_1_144' title='bbox 1172 2214 1317 2300; x_wconf 85' lang='lat' dir='ltr'>quinque</span> <span class='ocrx_word' id='word_1_145' title='bbox 1335 2237 1415 2301; x_wconf 81' lang='lat' dir='ltr'>prae-</span> 
     </span>
     <span class='ocr_line' id='line_1_20' title="bbox 361 2317 1414 2407; baseline 0 -23"><span class='ocrx_word' id='word_1_146' title='bbox 361 2335 531 2407; x_wconf 90' lang='lat' dir='ltr'>ponuntur</span> <span class='ocrx_word' id='word_1_147' title='bbox 552 2343 571 2382; x_wconf 89' lang='lat' dir='ltr'>a</span> <span class='ocrx_word' id='word_1_148' title='bbox 591 2320 755 2383; x_wconf 89' lang='lat' dir='ltr'>Suetonio.</span> <span class='ocrx_word' id='word_1_149' title='bbox 774 2319 818 2382; x_wconf 89' lang='lat' dir='ltr'>M.</span> <span class='ocrx_word' id='word_1_150' title='bbox 840 2318 963 2382; x_wconf 88' lang='lat' dir='ltr'>Tullius</span> <span class='ocrx_word' id='word_1_151' title='bbox 978 2317 1066 2406; x_wconf 92' lang='lat' dir='ltr'>apud</span> <span class='ocrx_word' id='word_1_152' title='bbox 1083 2317 1232 2382; x_wconf 86' lang='lat' dir='ltr'>cumdem</span> <span class='ocrx_word' id='word_1_153' title='bbox 1247 2317 1337 2383; x_wconf 87' lang='lat' dir='ltr'>dolet</span> <span class='ocrx_word' id='word_1_154' title='bbox 1352 2319 1414 2384; x_wconf 87' lang='lat' dir='ltr'>sibi</span> 
     </span>
     <span class='ocr_line' id='line_1_21' title="bbox 362 2421 1416 2512; baseline -0.002 -22"><span class='ocrx_word' id='word_1_155' title='bbox 362 2447 428 2490; x_wconf 91' lang='lat' dir='ltr'>non</span> <span class='ocrx_word' id='word_1_156' title='bbox 450 2425 546 2488; x_wconf 87' lang='lat' dir='ltr'>licere</span> <span class='ocrx_word' id='word_1_157' title='bbox 568 2425 709 2490; x_wconf 88' lang='lat' dir='ltr'>exerceri</span> <span class='ocrx_word' id='word_1_158' title='bbox 730 2423 817 2512; x_wconf 86' lang='lat' dir='ltr'>apud</span> <span class='ocrx_word' id='word_1_159' title='bbox 836 2423 992 2504; x_wconf 91' lang='lat' dir='ltr'>Plotium,</span> <span class='ocrx_word' id='word_1_160' title='bbox 1013 2421 1200 2488; x_wconf 81' lang='lat' dir='ltr'>auctoritate</span> <span class='ocrx_word' id='word_1_161' title='bbox 1220 2445 1337 2488; x_wconf 83' lang='lat' dir='ltr'>eorum</span> <span class='ocrx_word' id='word_1_162' title='bbox 1356 2427 1416 2512; x_wconf 91' lang='lat' dir='ltr'>qui</span> 
     </span>
     <span class='ocr_line' id='line_1_22' title="bbox 362 2529 1417 2619; baseline -0.001 -24"><span class='ocrx_word' id='word_1_163' title='bbox 362 2531 504 2595; x_wconf 87' lang='lat' dir='ltr'>dicerent</span> <span class='ocrx_word' id='word_1_164' title='bbox 515 2531 631 2596; x_wconf 84' lang='lat' dir='ltr'>Graecis</span> <span class='ocrx_word' id='word_1_165' title='bbox 646 2530 924 2595; x_wconf 82' lang='lat' dir='ltr'>exercitationibus</span> <span class='ocrx_word' id='word_1_166' title='bbox 942 2529 1054 2594; x_wconf 88' lang='lat' dir='ltr'>melius</span> <span class='ocrx_word' id='word_1_167' title='bbox 1066 2530 1106 2593; x_wconf 87' lang='lat' dir='ltr'>ali</span> <span class='ocrx_word' id='word_1_168' title='bbox 1119 2530 1244 2619; x_wconf 78' lang='lat' dir='ltr'>ingenia</span> <span class='ocrx_word' id='word_1_169' title='bbox 1256 2553 1264 2593; x_wconf 74' lang='grc' dir='ltr'><strong><em>ε</em></strong></span> <span class='ocrx_word' id='word_1_170' title='bbox 1277 2531 1417 2594; x_wconf 76' lang='lat' dir='ltr'>Asiatica</span> 
     </span>
     <span class='ocr_line' id='line_1_23' title="bbox 362 2629 1414 2724; baseline 0.002 -26"><span class='ocrx_word' id='word_1_171' title='bbox 362 2629 459 2724; x_wconf 80' lang='lat' dir='ltr'>igitur</span> <span class='ocrx_word' id='word_1_172' title='bbox 470 2637 523 2700; x_wconf 87' lang='lat' dir='ltr'>illa</span> <span class='ocrx_word' id='word_1_173' title='bbox 536 2637 616 2701; x_wconf 87' lang='lat' dir='ltr'>ratio</span> <span class='ocrx_word' id='word_1_174' title='bbox 632 2637 725 2700; x_wconf 88' lang='lat' dir='ltr'>Plotii</span> <span class='ocrx_word' id='word_1_175' title='bbox 739 2637 828 2701; x_wconf 87' lang='lat' dir='ltr'>Galli.</span> <span class='ocrx_word' id='word_1_176' title='bbox 840 2637 939 2721; x_wconf 87' lang='lat' dir='ltr'>Cujus</span> <span class='ocrx_word' id='word_1_177' title='bbox 950 2649 1057 2699; x_wconf 90' lang='lat' dir='ltr'>tamen</span> <span class='ocrx_word' id='word_1_178' title='bbox 1073 2657 1140 2699; x_wconf 91' lang='lat' dir='ltr'>non</span> <span class='ocrx_word' id='word_1_179' title='bbox 1156 2635 1414 2718; x_wconf 87' lang='lat' dir='ltr'>Democharem,</span> 
     </span>
     <span class='ocr_line' id='line_1_24' title="bbox 361 2739 1417 2829; baseline 0.002 -25"><span class='ocrx_word' id='word_1_180' title='bbox 361 2763 467 2829; x_wconf 87' lang='lat' dir='ltr'>neque</span> <span class='ocrx_word' id='word_1_181' title='bbox 481 2743 697 2823; x_wconf 88' lang='lat' dir='ltr'>Demetrium,</span> <span class='ocrx_word' id='word_1_182' title='bbox 708 2741 765 2805; x_wconf 89' lang='lat' dir='ltr'>sed</span> <span class='ocrx_word' id='word_1_183' title='bbox 775 2741 961 2805; x_wconf 77' lang='lat' dir='ltr'>AEschinem</span> <span class='ocrx_word' id='word_1_184' title='bbox 971 2740 1046 2804; x_wconf 90' lang='lat' dir='ltr'>facit</span> <span class='ocrx_word' id='word_1_185' title='bbox 1059 2755 1225 2804; x_wconf 87' lang='lat' dir='ltr'>auctorem</span> <span class='ocrx_word' id='word_1_186' title='bbox 1239 2739 1417 2806; x_wconf 86' lang='lat' dir='ltr'>Philostra-</span> 
     </span>
     <span class='ocr_line' id='line_1_25' title="bbox 362 2846 1417 2934; baseline 0.002 -24"><span class='ocrx_word' id='word_1_187' title='bbox 362 2864 429 2928; x_wconf 90' lang='lat' dir='ltr'>tus,</span> <span class='ocrx_word' id='word_1_188' title='bbox 443 2846 542 2934; x_wconf 90' lang='lat' dir='ltr'>idque</span> <span class='ocrx_word' id='word_1_189' title='bbox 557 2847 681 2928; x_wconf 89' lang='lat' dir='ltr'>Rhodi,</span> <span class='ocrx_word' id='word_1_190' title='bbox 701 2864 733 2912; x_wconf 89' lang='lat' dir='ltr'>ct</span> <span class='ocrx_word' id='word_1_191' title='bbox 751 2868 820 2912; x_wconf 90' lang='lat' dir='ltr'>eam</span> <span class='ocrx_word' id='word_1_192' title='bbox 836 2849 902 2932; x_wconf 87' lang='lat' dir='ltr'>jam</span> <span class='ocrx_word' id='word_1_193' title='bbox 917 2865 1013 2910; x_wconf 87' lang='lat' dir='ltr'>ruere</span> <span class='ocrx_word' id='word_1_194' title='bbox 1029 2869 1086 2909; x_wconf 91' lang='lat' dir='ltr'>sua</span> <span class='ocrx_word' id='word_1_195' title='bbox 1100 2862 1189 2911; x_wconf 84' lang='lat' dir='ltr'>aetate</span> <span class='ocrx_word' id='word_1_196' title='bbox 1204 2847 1329 2911; x_wconf 81' lang='lat' dir='ltr'>laetatur</span> <span class='ocrx_word' id='word_1_197' title='bbox 1340 2847 1417 2912; x_wconf 89' lang='lat' dir='ltr'>Dio·</span> 
     </span>
     <span class='ocr_line' id='line_1_26' title="bbox 363 2951 1420 3041; baseline 0.002 -25"><span class='ocrx_word' id='word_1_198' title='bbox 363 2953 472 3040; x_wconf 88' lang='lat' dir='ltr'>nysius</span> <span class='ocrx_word' id='word_1_199' title='bbox 491 2953 759 3034; x_wconf 82' lang='lat' dir='ltr'>Halicarnasseus,</span> <span class='ocrx_word' id='word_1_200' title='bbox 780 2952 1032 3039; x_wconf 87' lang='lat' dir='ltr'>reviviscereque</span> <span class='ocrx_word' id='word_1_201' title='bbox 1047 2952 1177 3016; x_wconf 89' lang='lat' dir='ltr'>alteram</span> <span class='ocrx_word' id='word_1_202' title='bbox 1191 2951 1275 3016; x_wconf 90' lang='lat' dir='ltr'>illam</span> <span class='ocrx_word' id='word_1_203' title='bbox 1292 2953 1420 3041; x_wconf 76' lang='lat' dir='ltr'>Sophis</span> 
     </span>
     <span class='ocr_line' id='line_1_27' title="bbox 364 3045 1419 3139; baseline 0.002 -25"><span class='ocrx_word' id='word_1_204' title='bbox 364 3051 458 3114; x_wconf 88' lang='lat' dir='ltr'>ticam</span> <span class='ocrx_word' id='word_1_205' title='bbox 498 3045 771 3138; x_wconf 65' lang='grc' dir='ltr'>φιλοσοφουμέμην,</span> <span class='ocrx_word' id='word_1_206' title='bbox 807 3055 898 3138; x_wconf 87' lang='lat' dir='ltr'>cujus</span> <span class='ocrx_word' id='word_1_207' title='bbox 926 3067 1091 3139; x_wconf 88' lang='lat' dir='ltr'>parentem</span> <span class='ocrx_word' id='word_1_208' title='bbox 1112 3051 1188 3116; x_wconf 84' lang='lat' dir='ltr'>facit</span> <span class='ocrx_word' id='word_1_209' title='bbox 1205 3051 1419 3116; x_wconf 86' lang='lat' dir='ltr'>Philostratus</span> 
     </span>
     <span class='ocr_line' id='line_1_28' title="bbox 367 3154 528 3242; baseline 0.006 -25"><span class='ocrx_word' id='word_1_210' title='bbox 367 3154 528 3242; x_wconf 84' lang='lat' dir='ltr'>Gorgiam.</span> 
     </span>
    </p>

    <p class='ocr_par' dir='ltr' id='par_1_7' title="bbox 367 3259 1422 3559">
     <span class='ocr_line' id='line_1_29' title="bbox 409 3259 1421 3351; baseline 0.005 -29"><span class='ocrx_word' id='word_1_211' title='bbox 409 3259 621 3342; x_wconf 89' lang='lat' dir='ltr'>Quintilianus</span> <span class='ocrx_word' id='word_1_212' title='bbox 645 3259 727 3325; x_wconf 92' lang='lat' dir='ltr'>duos</span> <span class='ocrx_word' id='word_1_213' title='bbox 742 3277 866 3326; x_wconf 87' lang='lat' dir='ltr'>tantum</span> <span class='ocrx_word' id='word_1_214' title='bbox 881 3262 996 3351; x_wconf 84' lang='lat' dir='ltr'>gradus</span> <span class='ocrx_word' id='word_1_215' title='bbox 1017 3262 1107 3344; x_wconf 88' lang='lat' dir='ltr'>facit,</span> <span class='ocrx_word' id='word_1_216' title='bbox 1126 3277 1299 3349; x_wconf 88' lang='lat' dir='ltr'>antequam</span> <span class='ocrx_word' id='word_1_217' title='bbox 1320 3262 1355 3326; x_wconf 94' lang='lat' dir='ltr'>in</span> <span class='ocrx_word' id='word_1_218' title='bbox 1373 3263 1421 3328; x_wconf 90' lang='lat' dir='ltr'>fo·</span> 
     </span>
     <span class='ocr_line' id='line_1_30' title="bbox 367 3365 1422 3456; baseline 0.006 -28"><span class='ocrx_word' id='word_1_219' title='bbox 367 3388 441 3430; x_wconf 92' lang='lat' dir='ltr'>rum</span> <span class='ocrx_word' id='word_1_220' title='bbox 466 3365 652 3453; x_wconf 87' lang='lat' dir='ltr'>prodirent,</span> <span class='ocrx_word' id='word_1_221' title='bbox 675 3389 778 3431; x_wconf 92' lang='lat' dir='ltr'>unum</span> <span class='ocrx_word' id='word_1_222' title='bbox 800 3368 1136 3456; x_wconf 80' lang='lat' dir='ltr'>Progymnasmatum,</span> <span class='ocrx_word' id='word_1_223' title='bbox 1156 3391 1231 3433; x_wconf 90' lang='lat' dir='ltr'>cnm</span> <span class='ocrx_word' id='word_1_224' title='bbox 1251 3366 1422 3434; x_wconf 84' lang='lat' dir='ltr'>dialecticis</span> 
     </span>
     <span class='ocr_line' id='line_1_31' title="bbox 368 3471 1421 3559; baseline 0.005 -26"><span class='ocrx_word' id='word_1_225' title='bbox 368 3472 582 3559; x_wconf 82' lang='lat' dir='ltr'>argumentis:</span> <span class='ocrx_word' id='word_1_226' title='bbox 602 3471 739 3535; x_wconf 88' lang='lat' dir='ltr'>alterum</span> <span class='ocrx_word' id='word_1_227' title='bbox 751 3473 1035 3538; x_wconf 88' lang='lat' dir='ltr'>Declamationum.</span> <span class='ocrx_word' id='word_1_228' title='bbox 1055 3473 1228 3538; x_wconf 87' lang='lat' dir='ltr'>Suetonius</span> <span class='ocrx_word' id='word_1_229' title='bbox 1247 3489 1326 3556; x_wconf 87' lang='lat' dir='ltr'>tres,</span> <span class='ocrx_word' id='word_1_230' title='bbox 1343 3474 1421 3539; x_wconf 82' lang='lat' dir='ltr'>Pro</span> 
     </span>
    </p>
   </div>
   <div class='ocr_carea' id='block_1_5' title="bbox 367 3713 1422 4078">
    <p class='ocr_par' dir='ltr' id='par_1_8' title="bbox 367 3713 1422 4078">
     <span class='ocr_line' id='line_1_32' title="bbox 412 3713 1420 3789; baseline 0.004 -21"><span class='ocrx_word' id='word_1_231' title='bbox 412 3733 435 3768; x_wconf 85' lang='lat'>1.</span> <span class='ocrx_word' id='word_1_232' title='bbox 457 3713 485 3770; x_wconf 85' lang='lat' dir='ltr'>si</span> <span class='ocrx_word' id='word_1_233' title='bbox 501 3733 555 3768; x_wconf 93' lang='lat' dir='ltr'>non</span> <span class='ocrx_word' id='word_1_234' title='bbox 568 3716 631 3768; x_wconf 85' lang='lat' dir='ltr'>satis</span> <span class='ocrx_word' id='word_1_235' title='bbox 645 3724 749 3787; x_wconf 82' lang='lat' dir='ltr'>pateret</span> <span class='ocrx_word' id='word_1_236' title='bbox 763 3714 832 3770; x_wconf 89' lang='lat' dir='ltr'>duos</span> <span class='ocrx_word' id='word_1_237' title='bbox 845 3714 928 3770; x_wconf 89' lang='lat' dir='ltr'>fuisse</span> <span class='ocrx_word' id='word_1_238' title='bbox 939 3718 1083 3789; x_wconf 86' lang='lat' dir='ltr'>scriptores</span> <span class='ocrx_word' id='word_1_239' title='bbox 1101 3715 1152 3770; x_wconf 86' lang='lat' dir='ltr'>sub</span> <span class='ocrx_word' id='word_1_240' title='bbox 1169 3715 1278 3773; x_wconf 77' lang='lat' dir='ltr'>Senecae</span> <span class='ocrx_word' id='word_1_241' title='bbox 1289 3719 1420 3788; x_wconf 88' lang='lat' dir='ltr'>nomine,</span> 
     </span>
     <span class='ocr_line' id='line_1_33' title="bbox 367 3811 1422 3886; baseline 0.005 -22"><span class='ocrx_word' id='word_1_242' title='bbox 367 3821 472 3884; x_wconf 81' lang='lat' dir='ltr'>patrem</span> <span class='ocrx_word' id='word_1_243' title='bbox 487 3829 586 3883; x_wconf 89' lang='lat' dir='ltr'>nempe</span> <span class='ocrx_word' id='word_1_244' title='bbox 597 3822 624 3865; x_wconf 86' lang='lat' dir='ltr'>et</span> <span class='ocrx_word' id='word_1_245' title='bbox 642 3811 741 3879; x_wconf 88' lang='lat' dir='ltr'>filium,</span> <span class='ocrx_word' id='word_1_246' title='bbox 756 3812 885 3866; x_wconf 88' lang='lat' dir='ltr'>lectorem</span> <span class='ocrx_word' id='word_1_247' title='bbox 897 3814 1095 3868; x_wconf 86' lang='lat' dir='ltr'>remitteremus</span> <span class='ocrx_word' id='word_1_248' title='bbox 1112 3814 1148 3868; x_wconf 82' lang='lat' dir='ltr'>ad</span> <span class='ocrx_word' id='word_1_249' title='bbox 1166 3814 1346 3886; x_wconf 74' lang='lat' dir='ltr'>fragmentum</span> <span class='ocrx_word' id='word_1_250' title='bbox 1361 3817 1422 3869; x_wconf 78' lang='lat' dir='ltr'>vitae</span> 
     </span>
     <span class='ocr_line' id='line_1_34' title="bbox 367 3907 1421 3986; baseline 0.003 -24"><span class='ocrx_word' id='word_1_251' title='bbox 367 3909 451 3982; x_wconf 80' lang='lat' dir='ltr'>patris</span> <span class='ocrx_word' id='word_1_252' title='bbox 465 3907 572 3980; x_wconf 81' lang='lat' dir='ltr'>abipso</span> <span class='ocrx_word' id='word_1_253' title='bbox 586 3909 618 3963; x_wconf 91' lang='lat' dir='ltr'>L.</span> <span class='ocrx_word' id='word_1_254' title='bbox 643 3907 746 3964; x_wconf 86' lang='lat' dir='ltr'>Seneca</span> <span class='ocrx_word' id='word_1_255' title='bbox 760 3911 881 3982; x_wconf 73' lang='lat' dir='ltr'>scriptae,</span> <span class='ocrx_word' id='word_1_256' title='bbox 902 3911 978 3981; x_wconf 89' lang='lat' dir='ltr'>qnod</span> <span class='ocrx_word' id='word_1_257' title='bbox 991 3911 1031 3966; x_wconf 86' lang='lat' dir='ltr'>lv</span> <span class='ocrx_word' id='word_1_258' title='bbox 1044 3913 1130 3966; x_wconf 87' lang='lat' dir='ltr'>nostri</span> <span class='ocrx_word' id='word_1_259' title='bbox 1144 3913 1254 3970; x_wconf 75' lang='lat' dir='ltr'>senece</span> <span class='ocrx_word' id='word_1_260' title='bbox 1267 3910 1421 3986; x_wconf 85' lang='lat' dir='ltr'>philosophi</span> 
     </span>
     <span class='ocr_line' id='line_1_35' title="bbox 367 4005 898 4078; baseline 0.006 -20"><span class='ocrx_word' id='word_1_261' title='bbox 367 4005 497 4062; x_wconf 81' lang='lat' dir='ltr'>volumini</span> <span class='ocrx_word' id='word_1_262' title='bbox 507 4044 516 4076; x_wconf 92' lang='lat'>,</span> <span class='ocrx_word' id='word_1_263' title='bbox 527 4023 553 4078; x_wconf 91' lang='lat' dir='ltr'>p.</span> <span class='ocrx_word' id='word_1_264' title='bbox 568 4010 641 4076; x_wconf 72' lang='lat'>411,</span> <span class='ocrx_word' id='word_1_265' title='bbox 657 4007 826 4063; x_wconf 84' lang='lat' dir='ltr'>inseruimus.</span> <span class='ocrx_word' id='word_1_266' title='bbox 846 4006 898 4062; x_wconf 89' lang='lat' dir='ltr'>En.</span> 
     </span>
    </p>
   </div>
   <div class='ocr_carea' id='block_1_6' title="bbox 0 0 1454 4804">
    <p class='ocr_par' dir='ltr' id='par_1_9' title="bbox 0 0 1454 4804">
     <span class='ocr_line' id='line_1_36' title="bbox 0 0 1454 4804; baseline 0 0"><span class='ocrx_word' id='word_1_267' title='bbox 0 0 1454 4804; x_wconf 95' lang='lat' dir='ltr'> </span> 
     </span>
    </p>
   </div>
  </div>
 </body>
</html>
