2874 4808
301 464 368 548 don
632 461 679 525 M.
706 457 853 524 ANNAEI
877 455 1058 522 SENECAE

298 590 429 657 ferrent
444 615 451 654 :
468 583 637 680 quomodo
650 588 692 653 L.
707 584 879 678 Asprenas
890 586 916 662 ¹,
932 598 991 650 aut
1004 581 1263 673 Quintilianus²
1275 605 1382 651 senes

302 703 543 773 declamaverit
560 728 568 768 ι
585 716 721 768 transeo
737 698 839 779 istos,
860 721 1005 789 quorum
1024 697 1111 766 lama
1129 721 1206 767 cum
1219 699 1307 791 ipsis
1324 723 1384 796 ea-

300 822 422 889 stincta
432 834 495 887 est.
510 820 562 886 De
574 809 716 886 Scauro³
730 814 758 881 si
769 837 823 882 me
835 813 1068 906 interrogatis,
1082 836 1187 906 quum
1199 813 1300 882 illum
1309 838 1381 882 me-

300 958 377 1005 cum
392 930 589 1011 audieritis,
614 931 728 1023 iniqui
746 931 840 998 eatis.
862 929 939 997 Nou
951 929 1032 996 novi
1046 950 1267 1021 quemquam,
1285 930 1383 1022 cnjus

300 1044 439 1139 ingenio
453 1048 493 1114 P.
513 1047 555 1116 R.
572 1044 782 1138 pertinacius
799 1041 983 1136 ignoverit.
1005 1040 1149 1109 Dicebat
1165 1042 1383 1135 negligenter

301 1187 390 1258 saepe
414 1183 547 1232 causam
577 1162 614 1228 in
641 1160 725 1253 ipsis
751 1157 921 1228 subselliis
940 1183 948 1222 ι
966 1179 1077 1250 sepe,
1098 1154 1378 1238 dumamieitnr,

298 1279 437 1350 dicebat
453 1306 461 1348 ι
477 1277 603 1347 deinde
629 1275 778 1368 litiganti
804 1274 950 1342 similior
973 1296 1075 1365 quam
1096 1275 1235 1366 agenti,
1256 1277 1381 1368 cupie-

299 1398 358 1466 bat
371 1419 513 1466 evocare
526 1393 676 1485 aliquam
691 1413 810 1460 vocem
824 1389 1115 1472 adversariorum,
1132 1406 1165 1459 et
1180 1391 1217 1459 in
1232 1391 1382 1462 alterea-

298 1518 391 1585 tione
406 1515 498 1584 virea
516 1532 593 1578 suas
610 1521 763 1576 noverat.
784 1505 880 1574 Nihil
902 1521 976 1574 erat
995 1506 1054 1574 illo
1072 1508 1271 1593 venustius,
1294 1509 1381 1576 nibil

299 1630 450 1725 paratius
477 1653 486 1694 ι
512 1649 620 1720 genus
648 1622 786 1692 dicendi
813 1624 1014 1714 antiquum,
1036 1625 1220 1694 verborum
1242 1647 1378 1717 quoque

296 1773 366 1818 non
382 1745 575 1838 vulgarium
596 1743 762 1836 gravitas,
780 1742 853 1835 ipse
871 1739 983 1810 cultus
1000 1740 1205 1835 habitusque
1223 1744 1380 1835 corporis

283 1849 285 1858 ¹
299 1866 385 1932 mire
398 1861 443 1930 ad
456 1861 693 1929 auctoritatem
708 1858 892 1926 oratoriam
906 1873 1053 1951 aptatus.
1072 1857 1139 1928 Sed
1154 1883 1195 1927 ex
1211 1860 1256 1926 iis
1269 1860 1379 1926 omni-

299 1979 363 2048 bus
378 1978 467 2046 aoirc
481 1997 597 2070 posses
605 2025 617 2059 ,
633 1998 704 2042 non
720 1981 885 2065 quantum
899 1989 1069 2043 oratorem
1082 1991 1262 2069 praestsret
1275 1975 1379 2043 Sosu-

298 2121 369 2181 ros,
388 2092 450 2163 sed
466 2101 629 2187 quantum
650 2090 837 2160 desereret.
854 2090 1032 2184 Pleraeque
1046 2093 1197 2162 actiones
1210 2092 1325 2174 malae,
1344 2093 1377 2160 in

296 2210 456 2280 omnibus
473 2225 588 2277 tamen
604 2205 745 2300 aliquod
762 2207 877 2306 magni
892 2206 1112 2301 neglectique
1128 2208 1262 2302 ingenii
1276 2208 1379 2276 vesti-

297 2328 394 2420 gium
406 2323 558 2394 exstabat
569 2353 584 2404 ς.
599 2347 677 2391 raro
692 2321 807 2414 aliqua
819 2319 1026 2405 eutichem,
1043 2319 1103 2391 sed
1118 2346 1218 2415 quam
1238 2323 1379 2391 somnne.

297 2443 497 2534 imputares.
519 2435 586 2509 Sed
611 2436 708 2506 illum
730 2433 858 2534 longa,
879 2438 981 2505 immo
1000 2457 1166 2532 perpetua
1187 2437 1323 2508 desidia
1340 2464 1378 2508 eo

292 2555 511 2650 perduxerat,
530 2569 568 2622 ut
582 2550 672 2619 nihil
687 2549 813 2657 curare,
823 2549 939 2632 vellet,
957 2553 1046 2620 nihil
1056 2569 1179 2648 posset.
1195 2555 1378 2642 Orationes

294 2688 424 2768 septem
453 2667 586 2750 edidit,
618 2690 693 2758 quae
719 2661 845 2734 deinde
867 2667 1169 2770 “senatusconsulto
1196 2669 1379 2740 combusta

331 2881 731 2956 1.L.Aspnnus.i⁴'ortassel’.
747 2877 815 2934 Fra
863 2903 918 2936 rare
936 2885 1060 2957 potuerit,
1080 2886 1124 2956 qui
1147 2885 1189 2938 via
1207 2885 1317 2956 quidem
1336 2907 1378 2940 suo

296 2981 344 3020 ter.
356 2967 391 3018 Ν.
405 2965 497 3018 Faber.
860 2975 977 3037 tempore
996 2963 1124 3030 innotuit,
1145 2977 1170 3017 at
1185 2964 1261 3039 eujus
1282 2985 1378 3036 memo·

325 3043 548 3114 sQus'ntilionus.
564 3041 668 3093 Λιιιιιιιι
688 3040 725 3092 M.
737 3037 812 3090 Fabii
862 3061 925 3094 raam
935 3063 993 3096 cum
1003 3063 1033 3096 eo
1043 3043 1188 3096 exstinetam
1198 3056 1286 3095 noster
1295 3058 1379 3098 auctor

293 3119 449 3191 Quintiliani
459 3118 578 3171 llbetoris
590 3117 690 3207 ,eujus
703 3117 814 3191 elegau-
863 3117 920 3173 ait?
931 3123 964 3174 Et
976 3139 1036 3176 sane
1047 3122 1099 3175 itte
1111 3121 1312 3175 declamationes
1324 3123 1379 3176 tett-

291 3198 382 3254 tissimi
390 3210 416 3250 et
428 3197 569 3250 doctissimi
580 3197 750 3250 oratoriarum
769 3195 812 3248 in·
862 3199 899 3252 cis
914 3202 1021 3271 Augusti
1033 3199 1111 3252 seculi
1119 3200 1178 3252 vel'
1171 3199 1329 3272 ingenium,
1342 3201 1377 3254 cel

290 3289 320 3330 ιι
314 3273 808 3346 tutionutnltbrtfrequentantur?Non
863 3278 985 3350 loquendi
1015 3279 1151 3331 formulam
1185 3298 1237 3332 non
1268 3280 1376 3352 sapiunt.

291 3367 361 3430 poto.
355 3355 397 3407 .ls
408 3373 477 3406 emm
492 3353 570 3441 patris
582 3373 623 3406 ιιιι
615 3353 810 3406 'declamatoris
863 3357 929 3410 Nam
946 3357 1101 3410 declamator
1118 3353 1163 3410 ille
1182 3375 1283 3429 semper
1302 3359 1376 3410 advo·

290 3435 529 3499 mentionemiaeit,
540 3425 701 3490 nullamsvi.
710 3438 811 3504 Quem·
863 3435 911 3488 rati
931 3453 1026 3488 nomen
1050 3454 1095 3504 pro
1120 3447 1226 3505 patrono
1253 3449 1375 3510 usurpat,

293 3513 434 3570 admodum
451 3512 529 3567 etiam
548 3534 601 3566 non
622 3512 736 3565 existimo
754 3530 812 3583 quse
862 3513 931 3583 quod
946 3525 1004 3564 ants
1022 3511 1131 3565 Neronis
1143 3513 1261 3565 seculum
1281 3514 1377 3566 laetita-

197 3621 201 3628 ·
294 3589 452 3659 Quintiliani
478 3590 589 3662 vulgatas
614 3601 674 3644 sunt
708 3593 753 3654 145
783 3609 811 3642 ea
863 3603 916 3644 ιιιιιι
932 3591 1375 3676 noniuisse,abaliisobservatuta

291 3671 388 3742 majore
400 3689 509 3725 numero
522 3671 669 3744 superstites
683 3671 811 3724 declama·
862 3681 905 3723 est.
919 3669 954 3722 Ν.
968 3669 1065 3724 Faber

291 3751 393 3836 tiones,
413 3747 490 3822 hujus
513 3767 565 3801 esse
581 3747 757 3818 Quintiliani,
779 3748 810 3799 de
895 3745 975 3800 &De
992 3747 1100 3801 Scauro.
1119 3748 1283 3803 Mamercum
1301 3752 1376 3804 Scan·

292 3846 344 3898 qno
362 3824 509 3897 quaerimus.
530 3825 596 3876 Nam
618 3824 748 3894 quomodo
763 3843 810 3876 ex·
862 3845 917 3878 rum
937 3825 1073 3900 intelligit,
1086 3827 1158 3891 eujus
1178 3827 1247 3898 apud
1259 3828 1374 3881 Taciturn

288 3903 386 3957 stinetis
404 3915 430 3957 et
446 3901 584 3956 obliteratis
597 3913 634 3955 tot
648 3901 809 3975 egregiorum
861 3905 904 3958 lib.
917 3905 967 3963 Vl,
983 3905 1091 3978 legimus
1104 3905 1229 3976 elogium.
1246 3910 1338 3960 Sane'
1332 3927 1375 3959 rm

289 3996 421 4036 oratorum
434 3981 531 4056 vigiliis
544 4021 551 4046 ,
566 3981 716 4034 Asiniorum
729 3981 805 4044 dico,
860 3984 966 4056 puritate
980 3983 1038 4037 vitae
1049 4003 1124 4053 quam
1135 3983 1282 4050 eloquentia
1293 3987 1375 4039 notior

289 4060 488 4124 Passienorum,
513 4058 695 4124 Viniciorurn,
723 4057 808 4110 Porcii
857 4075 893 4116 est
910 4063 1074 4133 antiquorum
1094 4061 1208 4134 seriptis3
1230 4063 1262 4116 ds
1286 4064 1372 4116 eodem

289 4137 419 4203 Latronis,
435 4136 583 4202 Gallionis,
607 4149 807 4210 caeterorumque
858 4139 954 4193 Scauro
967 4137 1062 4192 montio
1075 4136 1105 4190 lit
1117 4138 1183 4190 infra
1199 4139 1225 4190 in
1241 4139 1372 4192 Suuorib

291 4212 379 4286 primae
391 4214 493 4278 classis,
511 4214 542 4266 ad
558 4233 603 4268 nos
625 4234 703 4286 usque
715 4215 805 4289 perdu·
862 4215 946 4268 Gron.
