2894 4784
301 513 366 601 692
628 513 675 579 M.
702 511 1048 582 maurenasca

298 639 543 733 promittuntur
556 638 726 708 oblivione
739 638 885 706 nominis
899 639 950 704 tul
963 641 1062 731 pauci
1076 642 1252 710 servitutis
1267 645 1374 711 anni.

297 756 371 825 Non
390 755 449 850 ille
466 756 632 823 te··vivere
653 752 746 836 vult,
768 751 826 822 sed
846 751 957 820 lacera
978 753 1109 846 ingenii
1131 756 1182 822 tui
1204 758 1379 849 supersti-

239 891 241 896 ·
295 863 375 941 tem.
397 871 506 952 Vive,
532 885 571 936 ut
591 864 873 938 (Ξίοενοέιιιάἰιιῑι
895 864 1083 960 Lepidum,
1111 869 1235 939 Cicero
1250 869 1378 939 audiat

291 986 496 1066 Antonium,
517 979 616 1052 nemo
637 983 852 1058 Ciceronem.
876 984 951 1050 Pati
968 985 1133 1075 poteris¹,
1155 1002 1193 1053 ut
1211 986 1306 1078 quod
1331 989 1374 1054 in

292 1117 325 1169 te
345 1101 508 1192 optimum
526 1097 651 1179 habes,
669 1111 748 1164 ante
765 1111 798 1164 te
813 1095 958 1164 efferus?
979 1097 1060 1164 Sine
1085 1094 1214 1167 durare
1236 1116 1313 1193 post
1334 1114 1373 1167 te

292 1215 467 1307 ingenium
482 1231 594 1295 tuum,
611 1205 809 1307 perpetuam
824 1209 965 1280 Antonii
978 1214 1280 1308 proscriptionem.

339 1332 477 1400 hanun
496 1333 605 1400 Fusci.
623 1328 748 1422 Quoad
760 1329 944 1396 humanum
957 1351 1065 1421 genus
1085 1330 1258 1416 incolume
1271 1356 1369 1400 man-

292 1448 392 1533 serit,
416 1444 580 1538 quamdiu
606 1467 685 1512 auus
704 1443 813 1511 literis
836 1443 968 1528 honor,
994 1467 1130 1513 summae
1157 1445 1365 1539 eloquentiae

286 1566 436 1658 pretium
447 1554 534 1630 erit³
549 1559 729 1652 :quamdiu
740 1561 841 1653 Reip.
857 1575 978 1628 nostrae
988 1576 1048 1628 aut
1061 1561 1194 1630 fortuna
1210 1565 1363 1646 steterit,

289 1694 347 1748 aut
362 1676 522 1746 memoria
537 1674 730 1759 duraverit,
746 1672 946 1742 admirabile
959 1676 1104 1767 posteris
1118 1675 1251 1767 vigebit
1265 1679 1367 1771 inge·

290 1795 403 1875 nium,
430 1805 464 1858 et
488 1814 555 1858 uno
578 1789 786 1882 proscriptus
810 1788 930 1857 seculo
958 1789 1152 1882 proscribes
1170 1790 1363 1861 Antonium

289 1906 459 1975 omnibus.
474 1901 584 1972 Crede
598 1901 704 1985 mibi,
721 1902 883 1971 vilissima
896 1926 975 1997 pars
987 1905 1038 1973 tui
1053 1921 1122 1987 est,
1139 1905 1292 1999 quaetibi
1307 1905 1363 1974 vel

288 2025 396 2118 eripi,
415 2022 469 2091 vel
488 2020 608 2089 donari
629 2035 749 2112 potest.
768 2019 831 2087 Ille
851 2043 950 2090 verus
966 2037 1017 2090 est
1028 2023 1149 2092 Cicero
1164 2046 1266 2114 quem
1280 2043 1364 2116 pm-

289 2141 393 2210 sorihi
417 2139 584 2208 Antonius
606 2160 675 2204 non
697 2151 811 2230 putat,
834 2138 901 2204 nisi
914 2161 934 2205 a
947 2138 1131 2224 Cicerone,
1152 2163 1262 2232 pocae.
1282 2143 1362 2208 Non

289 2255 346 2325 ille
359 2255 423 2323 tihi
435 2255 575 2322 remittit
587 2253 887 2345 proscriptionem,
899 2252 959 2321 sed
974 2253 1045 2322 tolli
1059 2253 1230 2324 desiderat
1242 2278 1357 2324 suam.

289 2374 325 2443 si
350 2372 449 2441 fidem
473 2369 647 2464 deceperit
669 2369 857 2454 Antonius,
885 2371 1061 2456 morieris,
1086 2373 1114 2438 si
1139 2373 1358 2466 pruestiterit,

289 2489 428 2558 servies.
457 2485 561 2578 Quod
582 2484 626 2552 ad
649 2508 703 2552 me
722 2483 860 2568 attinet,
886 2483 1002 2552 fellere
1023 2485 1124 2553 malo.
1149 2488 1215 2555 Per
1233 2503 1287 2572 te,
1307 2491 1361 2556 Μ.

290 2605 405 2688 Tulli,
426 2627 489 2696 per
502 2619 646 2695 quatuor
660 2617 695 2670 et
709 2601 879 2694 sexaginta
892 2623 998 2669 annos
1013 2602 1156 2694 pulchre
1168 2617 1274 2686 actos,
1294 2629 1366 2696 per

290 2723 468 2790 salutarem
485 2719 647 2814 Reipubl.
669 2708 914 2800 consulatum‘,
934 2739 998 2809 per
1012 2734 1190 2799 eternam,
1212 2721 1241 2786 si
1257 2738 1366 2813 pate-

193 2907 197 2922 ,
291 2841 351 2924 ris,
371 2838 501 2932 ingenii
522 2837 570 2904 tui
585 2833 798 2915 memoriam,
821 2836 1018 2927 pchemp.
1041 2859 1135 2927 quoe,
1157 2835 1311 2928 nequid
1329 2853 1367 2906 te
1444 2905 1445 2916 ,

290 2970 387 3049 putes
408 2977 523 3021 carum
539 2951 754 3042 relinquere,
774 2963 852 3018 unte
865 2965 900 3018 te
913 2952 1034 3044 periit,
1056 2976 1116 3021 oro
1134 2967 1169 3020 et
1184 2951 1363 3036 obtestor,

291 3091 335 3136 ue
348 3065 516 3150 moriaris,
533 3063 706 3133 censemus
719 3063 810 3156 quod
822 3063 972 3133 nolueris
984 3067 1082 3133 mori.

339 3186 448 3275 Hujus
466 3183 626 3251 ‘suasorie
645 3181 786 3250 alteram
807 3196 938 3274 partem
958 3183 1129 3251 neminem
1151 3183 1220 3252 scio
1242 3183 1365 3256 decla-

291 3319 410 3385 masse‘,
426 3321 541 3366 omnes
556 3321 619 3389 pro
634 3295 732 3363 libris
746 3296 922 3364 Ciceronis
935 3293 1069 3362 solliciti
1084 3295 1238 3384 luerunt,
1254 3322 1362 3368 nemo

291 3483 426 3556 imperator
442 3494 520 3548 esset,
534 3483 682 3556 imperetur,
696 3478 795 3550 inquit,
844 3481 899 3531 erit·
912 3476 1040 3531 Orationis
1053 3491 1170 3533 eursuset
1179 3477 1251 3533 lilum
1259 3481 1358 3552 subje-

291 3563 355 3615 bene
367 3581 392 3612 se
405 3559 509 3612 babet.»
523 3559 657 3612 Gronov..
844 3555 1043 3630 titlegendum,
1056 3575 1184 3627 suumque
1194 3561 1360 3626 elopem.

325 3661 347 3693 ι.
361 3639 431 3698 Vive.
443 3648 473 3690 ut
485 3637 568 3690 Cicem
577 3639 681 3690 audiet.
694 3636 796 3689 Scribe:
877 3634 901 3699 4.
912 3633 966 3687 Per
979 3637 1122 3687 salutarem
1135 3633 1209 3704 lieris.
1226 3638 1362 3688 muta-

291 3719 374 3770 Viuut
389 3717 489 3778 Cicero,
502 3723 531 3767 ut
545 3715 795 3782 audialLepidum,
845 3723 909 3763 mm.
925 3711 1024 3785 Repetit
1043 3711 1092 3764 boe
1110 3713 1202 3784 sepius
1215 3713 1312 3766 Orator
1326 3714 1361 3768 d

290 3794 625 3857 audiatAntontam,nemo
634 3791 798 3847 Ciceronem?
846 3788 1037 3842 ostentationem
1052 3809 1131 3860 usque
1148 3789 1255 3864 Philipp.
1275 3811 1313 3857 a,
1331 3793 1361 3845 in

290 3869 557 3944 Gronov.-Ed.Bip.
567 3869 700 3922 Gronovio
710 3869 798 3940 paruit.
848 3865 1017 3931 Catilintriis,
1032 3866 1061 3918 in
1073 3865 1227 3933 Pisoniana,
1239 3881 1264 3920 ct
1275 3868 1361 3934 alibi,

324 3973 346 4004 α.
357 3951 583 4020 Ραείροιινίε.οῑο.
594 3947 666 4019 Lego
677 3965 684 3999 τ
695 3947 798 4000 Poterit
846 3959 873 3998 ut
886 3957 987 3998 auctore
1000 3944 1135 3999 Plutarcho
1148 3947 1177 3998 in
1188 3947 1241 4018 ejus
1253 3948 1324 4015 vita,
1335 3962 1363 4002 et

251 4079 254 4086 ,
287 4029 418 4102 perflue,
440 4038 485 4090 ut,
505 4027 577 4098 quod
602 4027 668 4078 dicis
693 4023 796 4091 cicem,
846 4023 1362 4098 Fabiomntallcipubbentgetltpa·

289 4105 553 4176 optiaemrmltaberete,
564 4101 796 4173 anteteesserotur.
848 4101 938 4156 dicatio
954 4103 1050 4156 {emulis
1071 4101 1245 4156 calumniandi
1262 4121 1363 4157 sumo·

290 4183 390 4238 Sclsnlt.
848 4199 905 4232 uem
919 4181 1017 4233 dederit
1032 4198 1039 4233 ι
1055 4183 1146 4252 prelat.
1164 4180 1207 4233 lib.
1222 4181 1279 4248 xl,
1298 4183 1361 4236 lut.

323 4261 347 4312 ³.
371 4259 488 4314 Summa
512 4263 662 4330 eloquentie
687 4261 800 4327 pretium
849 4269 910 4310 oret.
923 4255 1019 4311 Scitote.
