2878 4816
318 500 381 590 ¹74
638 497 687 563 Μ.
713 493 858 562 ANNAEI
882 495 1065 564 SENECAE

309 627 423 696 dinem
437 626 510 720 pati
521 647 632 720 posse.
651 624 769 718 Quum
784 624 939 692 inutilem
957 625 1025 694 sibi
1043 649 1117 695 esse
1132 625 1284 714 diceret,
1300 647 1399 725 pau·-

312 759 478 836 pertatem
488 738 652 824 laudavit,
662 740 699 806 in
709 736 1004 808 divitiasinvectns
1014 751 1078 828 est3
1090 737 1177 809 dixit
1184 765 1330 836 seposse
1340 742 1401 812 di-

309 861 402 928 vitiis
415 845 604 952 corrumpi,¹
616 856 740 950 quibus
752 858 925 950 corrumpi
936 859 1044 951 possit
1057 861 1257 960 coercitus&
1273 860 1398 954 Quum

308 975 346 1042 in
364 971 502 1041 diuitias
523 970 758 1057 inveheretur,
779 968 889 1037 dixit:
910 970 1018 1040 Aiunt
1038 971 1144 1040 multa
1161 974 1246 1042 vitia
1265 972 1402 1044 divitas

305 1090 436 1158 habere
450 1091 555 1174 istos,
572 1104 607 1156 et
619 1087 687 1158 hoc
701 1088 957 1182 gravissimum,
974 1087 1068 1181 quod
1084 1113 1162 1159 suos
1175 1114 1246 1160 non
1259 1108 1394 1162 amant.

306 1209 465 1276 Necesse
479 1205 573 1298 qnod
589 1207 769 1298 qnisquam
788 1228 825 1272 se
843 1205 925 1273 satis
941 1221 1040 1298 putet
1056 1207 1193 1276 firmum
1212 1206 1257 1276 ad
1276 1209 1400 1303 repel-

304 1323 410 1394 lenda
426 1325 509 1394 vitia
524 1351 534 1391 ε
550 1339 706 1392 contactu
728 1323 803 1417 ipso
819 1338 946 1400 nocent
956 1338 991 1391 et
1004 1339 1182 1396 transeunt
1203 1327 1240 1395 in
1265 1326 1395 1398 bonos.

307 1444 381 1511 Nec
395 1464 538 1536 peccare
559 1417 710 1510 discam?
730 1443 819 1508 Ecce
840 1439 881 1508 lu
905 1461 1006 1531 quam
1029 1441 1098 1509 cito
1113 1441 1275 1510 abdicare
1292 1441 1399 1512 didi-

307 1559 398 1630 cisti.
416 1559 512 1627 Dixit
529 1558 698 1642 futurum,
715 1572 755 1625 ut
774 1555 872 1626 diviti
890 1555 1088 1650 displiceret
1106 1561 1249 1652 propius
1268 1561 1398 1655 inspe-

307 1693 401 1762 ctus,
417 1675 529 1768 ipsum
556 1697 705 1742 amorem
731 1675 942 1767 paupertatis
969 1673 1098 1743 abillis
1116 1675 1285 1745 fastidiri:
1306 1675 1398 1748 dixit

306 1790 459 1858 futurum
472 1803 511 1856 ut
525 1786 757 1878 abdicaretur,
776 1789 806 1855 si
822 1785 1002 1881 adoptatus
1021 1787 1212 1883 placuerit,
1237 1813 1303 1882 ego
1322 1814 1394 1860 nec

306 1931 383 1976 meo
395 1905 514 2000 placeo
531 1933 540 1973 ι
556 1903 684 1999 adjecit
697 1904 925 1998 periculosam
935 1906 1000 1974 sibi
1010 1907 1158 1977 loturam
1167 1906 1396 2003 adoptionem

301 2011 346 2092 'in
363 2022 483 2108 domo,
502 2045 582 2092 suos
599 2021 752 2090 dominos
770 2020 1006 2107 desiderante,
1032 2039 1066 2093 et
1088 2040 1158 2094 tota
1179 2024 1310 2094 familia
1329 2049 1396 2094 ex-

306 2139 437 2235 pellere
449 2141 626 2209 insitirum
642 2137 813 2209 haeredem
830 2142 1004 2234 cupiente.

356 2260 468 2326 Liras
482 2255 636 2324 ultimam
653 2258 874 2348 quaestionem
887 2257 1020 2350 posuit,
1035 2280 1137 2349 quam
1148 2257 1220 2326 fere
1235 2257 1391 2328 solebat:

307 2374 418 2444 Etiam
436 2375 465 2443 si
482 2397 553 2442 non
570 2389 665 2443 recte
683 2374 780 2456 lecit,
801 2371 895 2467 qnod
916 2371 1106 2469 adoptaria
1123 2351 1229 2444 divite
1247 2374 1391 2453 noluit,

307 2517 353 2562 an
366 2510 480 2560 tamen
492 2492 585 2560 bono
599 2489 805 2561 idadversus
818 2507 949 2586 patrem
955 2493 1069 2560 animo
1078 2490 1216 2578 lecerit3
1232 2515 1277 2560 an
1290 2493 1395 2586 igno-

308 2608 470 2679 scendum
488 2611 552 2696 sit3
569 2608 696 2678 deinde
713 2633 756 2678 an
774 2609 866 2678 bono
882 2607 1045 2679 adversus
1060 2625 1190 2702 patrem
1206 2610 1323 2678 animo
1338 2611 1392 2681 fe-

308 2729 407 2796 cerit.
422 2729 463 2796 ln
478 2726 544 2796 hac
557 2727 741 2820 quaestione
752 2725 843 2794 bona
858 2749 937 2819 pars
946 2724 1170 2794 adolescentis
1178 2741 1241 2812 est,
1255 2741 1391 2820 patrem

304 2847 470 2928 sanantis,
488 2860 523 2913 et
535 2844 658 2937 opibus
668 2843 893 2936 praeferentis.
909 2847 1012 2912 Latro
1020 2857 1134 2912 tamen
1148 2843 1318 2939 negubat¹¹
1331 2869 1392 2940 pa-

309 2978 397 3032 trem
415 2961 572 3029 daturum
590 2984 728 3043 manus,
751 2959 842 3029 bono
859 2960 1021 3032 adversus
1043 2984 1079 3030 se
1098 2962 1211 3030 animo
1237 2962 1388 3051 lactum,

308 3073 369 3144 sed
383 3097 585 3144 consensum
603 3075 752 3143 liliorum
776 3073 939 3144 adversus
965 3091 1079 3170 patres
1100 3074 1273 3146 dicturum
1299 3077 1392 3146 taci-

310 3203 382 3255 tum
390 3237 403 3274 ‚
422 3187 668 3280 nescioquem.

320 3290 322 3296 '
356 3305 485 3372 Bnooco
501 3303 641 3396 quidam
654 3329 723 3374 non
741 3306 828 3376 male
846 3330 883 3375 re
904 3331 1003 3390 usus‚
1024 3309 1086 3400 qui
1108 3306 1240 3378 dixerat
1265 3304 1390 3376 adole·

307 3437 454 3491 scentem
469 3421 580 3491 videri
591 3422 658 3491 sibi
670 3421 800 3492 habere
814 3422 930 3492 abdita
943 3421 1099 3515 quaedam
1111 3425 1195 3492 vitia
1208 3453 1219 3513 3
1238 3421 1327 3490 male
1341 3420 1390 3491 de

239 3580 244 3590 ·
307 3561 344 3606 se
362 3539 553 3608 existimare
570 3563 648 3609 eum
668 3541 728 3632 qui
751 3541 804 3610 ire
823 3537 869 3608 ad
880 3537 1032 3633 judicem
1049 3537 1241 3611 districtum
1257 3560 1390 3606 nocens

307 3654 425 3724 nollet.

306 3810 344 3884 pit
356 3809 388 3864 de
399 3810 547 3864 revocandis
558 3821 583 3864 et
594 3809 746 3864 reducendis
754 3811 818 3878 tais,
868 3812 920 3866 citu
928 3808 1018 3875 Marii,
1026 3809 1150 3864 etJnstin.
1159 3809 1219 3863 edd.
1231 3809 1388 3874 xxx1,fin.

308 3889 423 3963 etpotins
431 3887 535 3960 quidem
545 3929 553 3955 ,
562 3909 641 3961 qoem
651 3889 820 3944 adsciscendis
867 3891 928 3944 item
940 3889 1011 3942 Flos.
1021 3891 1064 3956 ΙΙ,
1079 3889 1111 3953 6,
1128 3889 1160 3942 de
1178 3887 1290 3942 exereitn
1311 3889 1389 3944 nnn-

305 3967 335 4021 in
346 3964 469 4026 seruilium
488 3986 517 4019 ec
529 3985 626 4020 nomen
643 3965 742 4020 alienis.
762 3967 820 4020 fle·
867 3968 966 4022 nibelis.
978 3969 1077 4021 Schult.

303 4047 440 4100 conciliare
452 4044 530 4096 etiarn
542 4043 570 4096 in
582 4044 687 4098 domum
698 4046 820 4099 reducere
902 4067 924 4099 n.
933 4045 1056 4116 Negabat
1062 4055 1170 4114 patrem
1180 4048 1311 4098 datumm
1321 4065 1388 4100 ma-

305 4123 819 4198 estSclult-Cl-PlentCnptprol.33.
868 4144 926 4178 nus.
946 4125 1006 4177 Jsm
1026 4124 1089 4177 olim
1103 4124 1130 4178 id
1150 4137 1266 4178 notatsnn
1279 4127 1386 4180 eruditis

340 4221 360 4253 ι.
381 4203 486 4274 Quibus
492 4207 632 4273 ‘corrumpi
639 4207 725 4272 possit
735 4223 819 4258 exer-
869 4202 944 4258 etiem
953 4204 1021 4275 apud
1033 4203 1116 4276 ipsum
1128 4202 1284 4257 Ciceronem
1294 4225 1389 4259 ocurr-

297 4283 373 4336 cs'tus.
388 4281 490 4336 Sellust.
502 4280 562 4336 vide
572 4281 600 4336 in
612 4281 645 4335 B.
658 4282 688 4338 C.
701 4282 732 4337 de
745 4301 819 4338 excr-
867 4299 933 4350 rere,
944 4281 989 4336 ubi
997 4301 1046 4335 vox
1057 4281 1145 4336 eedem
1156 4281 1185 4335 in
1197 4282 1284 4355 priore
1294 4301 1386 4341 menr-
