<?xml version="1.0" encoding="UTF-8"?>
<!DOCTYPE html PUBLIC "-//W3C//DTD XHTML 1.0 Transitional//EN"
    "http://www.w3.org/TR/xhtml1/DTD/xhtml1-transitional.dtd">
<html xmlns="http://www.w3.org/1999/xhtml" xml:lang="en" lang="en">
 <head>
  <title>
</title>
<meta http-equiv="Content-Type" content="text/html;charset=utf-8" />
  <meta name='ocr-system' content='tesseract 3.04.00' />
  <meta name='ocr-capabilities' content='ocr_page ocr_carea ocr_par ocr_line ocrx_word'/>
</head>
<body>
  <div class='ocr_page' id='page_1' title='image "./lannsenecparspr00bouigoog_0361.png"; bbox 0 0 2874 4808; ppageno 0'>
   <div class='ocr_carea' id='block_1_1' title="bbox 231 474 1117 596">
    <p class='ocr_par' dir='ltr' id='par_1_1' title="bbox 231 474 1117 596">
     <span class='ocr_line' id='line_1_1' title="bbox 231 474 1117 596; baseline 0.006 -30"><span class='ocrx_word' id='word_1_1' title='bbox 231 474 856 584; x_wconf 77' lang='lat' dir='ltr'><strong>couruovsitsraauusru.1v‚</strong></span> <span class='ocrx_word' id='word_1_2' title='bbox 884 503 936 570; x_wconf 82' lang='lat'><strong>25.</strong></span> <span class='ocrx_word' id='word_1_3' title='bbox 1053 503 1117 596; x_wconf 75' lang='lat'><strong>349</strong></span> 
     </span>
    </p>
   </div>
   <div class='ocr_carea' id='block_1_2' title="bbox 1 625 1231 3603">
    <p class='ocr_par' dir='ltr' id='par_1_2' title="bbox 1 625 1231 3603">
     <span class='ocr_line' id='line_1_2' title="bbox 1 625 1131 721; baseline 0.002 -27"><span class='ocrx_word' id='word_1_4' title='bbox 1 645 2 704; x_wconf 56' lang='grc' dir='ltr'>ξ</span> <span class='ocrx_word' id='word_1_5' title='bbox 64 641 196 720; x_wconf 84' lang='lat' dir='ltr'><strong>guentes</strong></span> <span class='ocrx_word' id='word_1_6' title='bbox 209 627 365 718; x_wconf 79' lang='lat' dir='ltr'><strong>praetoris</strong></span> <span class='ocrx_word' id='word_1_7' title='bbox 380 625 475 692; x_wconf 88' lang='lat' dir='ltr'><strong>istius</strong></span> <span class='ocrx_word' id='word_1_8' title='bbox 485 625 637 718; x_wconf 78' lang='lat' dir='ltr'><strong>adspexit</strong></span> <span class='ocrx_word' id='word_1_9' title='bbox 649 625 789 712; x_wconf 88' lang='lat' dir='ltr'><strong>oculos,</strong></span> <span class='ocrx_word' id='word_1_10' title='bbox 805 627 994 694; x_wconf 86' lang='lat' dir='ltr'><strong>existimans</strong></span> <span class='ocrx_word' id='word_1_11' title='bbox 1010 627 1131 721; x_wconf 50' lang='lat' dir='ltr'><strong>ipsum*</strong></span> 
     </span>
     <span class='ocr_line' id='line_1_3' title="bbox 1 737 1119 836; baseline 0.002 -26"><span class='ocrx_word' id='word_1_12' title='bbox 1 764 2 768; x_wconf 71' lang='grc'>’</span> <span class='ocrx_word' id='word_1_13' title='bbox 63 744 209 836; x_wconf 86' lang='lat' dir='ltr'><strong>praetoris</strong></span> <span class='ocrx_word' id='word_1_14' title='bbox 223 741 392 809; x_wconf 85' lang='lat' dir='ltr'><strong>beneficio</strong></span> <span class='ocrx_word' id='word_1_15' title='bbox 406 737 550 826; x_wconf 89' lang='lat' dir='ltr'><strong>dimitti,</strong></span> <span class='ocrx_word' id='word_1_16' title='bbox 567 741 692 836; x_wconf 76' lang='lat' dir='ltr'><strong>gratias</strong></span> <span class='ocrx_word' id='word_1_17' title='bbox 706 743 760 810; x_wconf 89' lang='lat' dir='ltr'><strong>isti</strong></span> <span class='ocrx_word' id='word_1_18' title='bbox 774 766 895 836; x_wconf 86' lang='lat' dir='ltr'><strong>agere,</strong></span> <span class='ocrx_word' id='word_1_19' title='bbox 913 759 947 809; x_wconf 90' lang='lat' dir='ltr'><strong>et</strong></span> <span class='ocrx_word' id='word_1_20' title='bbox 966 744 1119 836; x_wconf 85' lang='lat' dir='ltr'><strong>utrisque</strong></span> 
     </span>
     <span class='ocr_line' id='line_1_4' title="bbox 1 857 1129 958; baseline 0.013 -46"><span class='ocrx_word' id='word_1_21' title='bbox 1 903 3 912; x_wconf 80' lang='grc'>,</span> <span class='ocrx_word' id='word_1_22' title='bbox 63 857 211 926; x_wconf 81' lang='lat' dir='ltr'><strong>menibus</strong></span> <span class='ocrx_word' id='word_1_23' title='bbox 235 881 384 925; x_wconf 85' lang='lat' dir='ltr'><strong>mensem</strong></span> <span class='ocrx_word' id='word_1_24' title='bbox 407 862 545 925; x_wconf 88' lang='lat' dir='ltr'><strong>tenens¹</strong></span> <span class='ocrx_word' id='word_1_25' title='bbox 568 883 575 922; x_wconf 92' lang='lat'><strong>:</strong></span> <span class='ocrx_word' id='word_1_26' title='bbox 592 859 668 940; x_wconf 91' lang='lat' dir='ltr'><strong>Dii,</strong></span> <span class='ocrx_word' id='word_1_27' title='bbox 686 858 822 950; x_wconf 90' lang='lat' dir='ltr'><strong>inquit,</strong></span> <span class='ocrx_word' id='word_1_28' title='bbox 839 857 1043 927; x_wconf 82' lang='lat' dir='ltr'><strong>immortales</strong></span> <span class='ocrx_word' id='word_1_29' title='bbox 1057 860 1129 958; x_wconf 79' lang='lat' dir='ltr'><strong>tibi</strong></span> 
     </span>
     <span class='ocr_line' id='line_1_5' title="bbox 1 972 1122 1070; baseline 0.003 -32"><span class='ocrx_word' id='word_1_30' title='bbox 1 1051 2 1070; x_wconf 13' lang='grc' dir='ltr'><strong>Χ</strong></span> <span class='ocrx_word' id='word_1_31' title='bbox 62 995 169 1063; x_wconf 88' lang='lat' dir='ltr'><strong>psrem</strong></span> <span class='ocrx_word' id='word_1_32' title='bbox 194 972 338 1063; x_wconf 75' lang='lat' dir='ltr'><strong>gratiam</strong></span> <span class='ocrx_word' id='word_1_33' title='bbox 362 972 524 1040; x_wconf 83' lang='lat' dir='ltr'><strong>referant.</strong></span> <span class='ocrx_word' id='word_1_34' title='bbox 545 973 761 1066; x_wconf 85' lang='lat' dir='ltr'><strong>Quicumque</strong></span> <span class='ocrx_word' id='word_1_35' title='bbox 783 975 818 1041; x_wconf 91' lang='lat' dir='ltr'><strong>in</strong></span> <span class='ocrx_word' id='word_1_36' title='bbox 840 973 959 1042; x_wconf 88' lang='lat' dir='ltr'><strong>eodem</strong></span> <span class='ocrx_word' id='word_1_37' title='bbox 972 973 1122 1042; x_wconf 88' lang='lat' dir='ltr'><strong>triclinio</strong></span> 
     </span>
     <span class='ocr_line' id='line_1_6' title="bbox 1 1083 1128 1183; baseline 0.003 -32"><span class='ocrx_word' id='word_1_38' title='bbox 1 1085 2 1138; x_wconf 73' lang='grc' dir='ltr'>ἶ</span> <span class='ocrx_word' id='word_1_39' title='bbox 62 1083 252 1166; x_wconf 78' lang='lat' dir='ltr'><strong>accubabat,</strong></span> <span class='ocrx_word' id='word_1_40' title='bbox 267 1085 354 1152; x_wconf 82' lang='lat' dir='ltr'><strong>aliua</strong></span> <span class='ocrx_word' id='word_1_41' title='bbox 363 1083 507 1153; x_wconf 86' lang='lat' dir='ltr'><strong>ubertim</strong></span> <span class='ocrx_word' id='word_1_42' title='bbox 520 1083 664 1155; x_wconf 90' lang='lat' dir='ltr'><strong>demisso</strong></span> <span class='ocrx_word' id='word_1_43' title='bbox 675 1085 896 1183; x_wconf 84' lang='lat' dir='ltr'><strong>capitessebat</strong></span> <span class='ocrx_word' id='word_1_44' title='bbox 909 1113 917 1153; x_wconf 93' lang='lat'><strong>:</strong></span> <span class='ocrx_word' id='word_1_45' title='bbox 930 1085 1016 1155; x_wconf 84' lang='lat' dir='ltr'><strong>alius</strong></span> <span class='ocrx_word' id='word_1_46' title='bbox 1026 1109 1128 1154; x_wconf 86' lang='lat' dir='ltr'><strong>sver-·</strong></span> 
     </span>
     <span class='ocr_line' id='line_1_7' title="bbox 1 1199 1134 1296; baseline 0.003 -28"><span class='ocrx_word' id='word_1_47' title='bbox 1 1215 2 1218; x_wconf 75' lang='grc'>’</span> <span class='ocrx_word' id='word_1_48' title='bbox 61 1199 146 1268; x_wconf 89' lang='lat' dir='ltr'><strong>tebat</strong></span> <span class='ocrx_word' id='word_1_49' title='bbox 165 1200 212 1267; x_wconf 90' lang='lat' dir='ltr'><strong>ab</strong></span> <span class='ocrx_word' id='word_1_50' title='bbox 233 1199 293 1268; x_wconf 92' lang='lat' dir='ltr'><strong>illa</strong></span> <span class='ocrx_word' id='word_1_51' title='bbox 314 1199 516 1269; x_wconf 90' lang='lat' dir='ltr'><strong>crudelitate</strong></span> <span class='ocrx_word' id='word_1_52' title='bbox 536 1201 650 1270; x_wconf 90' lang='lat' dir='ltr'><strong>oculos</strong></span> <span class='ocrx_word' id='word_1_53' title='bbox 667 1230 675 1266; x_wconf 75' lang='lat' dir='ltr'><strong>e</strong></span> <span class='ocrx_word' id='word_1_54' title='bbox 691 1202 777 1270; x_wconf 86' lang='lat' dir='ltr'><strong>alius</strong></span> <span class='ocrx_word' id='word_1_55' title='bbox 795 1201 949 1283; x_wconf 82' lang='lat' dir='ltr'><strong>ridebat,</strong></span> <span class='ocrx_word' id='word_1_56' title='bbox 965 1226 1032 1294; x_wconf 92' lang='lat' dir='ltr'><strong>quo</strong></span> <span class='ocrx_word' id='word_1_57' title='bbox 1045 1201 1134 1296; x_wconf 85' lang='lat' dir='ltr'><strong>gra-&#39;</strong></span> 
     </span>
     <span class='ocr_line' id='line_1_8' title="bbox 63 1313 1122 1402; baseline 0.004 -22"><span class='ocrx_word' id='word_1_58' title='bbox 63 1315 122 1384; x_wconf 87' lang='lat' dir='ltr'><strong>tior</strong></span> <span class='ocrx_word' id='word_1_59' title='bbox 142 1332 235 1384; x_wconf 88' lang='lat' dir='ltr'><strong>esset</strong></span> <span class='ocrx_word' id='word_1_60' title='bbox 252 1317 443 1402; x_wconf 82' lang='lat' dir='ltr'><strong>meretriei3</strong></span> <span class='ocrx_word' id='word_1_61' title='bbox 471 1313 530 1384; x_wconf 89' lang='lat' dir='ltr'><strong>bie</strong></span> <span class='ocrx_word' id='word_1_62' title='bbox 556 1318 621 1384; x_wconf 90' lang='lat' dir='ltr'><strong>iste</strong></span> <span class='ocrx_word' id='word_1_63' title='bbox 652 1316 741 1384; x_wconf 89' lang='lat' dir='ltr'><strong>inter</strong></span> <span class='ocrx_word' id='word_1_64' title='bbox 772 1316 882 1384; x_wconf 85' lang='lat' dir='ltr'><strong>varios</strong></span> <span class='ocrx_word' id='word_1_65' title='bbox 906 1317 1122 1384; x_wconf 82' lang='lat' dir='ltr'><strong>convivarum</strong></span> 
     </span>
     <span class='ocr_line' id='line_1_9' title="bbox 62 1429 1121 1524; baseline 0.002 -26"><span class='ocrx_word' id='word_1_66' title='bbox 62 1431 166 1500; x_wconf 83' lang='lat' dir='ltr'><strong>vultus</strong></span> <span class='ocrx_word' id='word_1_67' title='bbox 174 1431 369 1500; x_wconf 87' lang='lat' dir='ltr'><strong>submoveri</strong></span> <span class='ocrx_word' id='word_1_68' title='bbox 380 1431 479 1524; x_wconf 86' lang='lat' dir='ltr'><strong>jubet</strong></span> <span class='ocrx_word' id='word_1_69' title='bbox 497 1458 505 1498; x_wconf 78' lang='grc' dir='ltr'><strong>ι</strong></span> <span class='ocrx_word' id='word_1_70' title='bbox 521 1433 680 1500; x_wconf 88' lang='lat' dir='ltr'><strong>miserum</strong></span> <span class='ocrx_word' id='word_1_71' title='bbox 689 1447 778 1500; x_wconf 89' lang='lat' dir='ltr'><strong>stare</strong></span> <span class='ocrx_word' id='word_1_72' title='bbox 786 1429 830 1498; x_wconf 88' lang='lat' dir='ltr'><strong>a&#39;d</strong></span> <span class='ocrx_word' id='word_1_73' title='bbox 838 1430 1035 1524; x_wconf 64' lang='lat' dir='ltr'><strong>prebendas</strong></span> <span class='ocrx_word' id='word_1_74' title='bbox 1047 1433 1121 1501; x_wconf 80' lang='lat' dir='ltr'><strong>&#39;cer-</strong></span> 
     </span>
     <span class='ocr_line' id='line_1_10' title="bbox 62 1547 1124 1642; baseline 0.002 -26"><span class='ocrx_word' id='word_1_75' title='bbox 62 1550 147 1619; x_wconf 82' lang='lat' dir='ltr'><strong>vices</strong></span> <span class='ocrx_word' id='word_1_76' title='bbox 164 1552 353 1618; x_wconf 89' lang='lat' dir='ltr'><strong>immotum.</strong></span> <span class='ocrx_word' id='word_1_77' title='bbox 368 1550 509 1617; x_wconf 86' lang='lat' dir='ltr'><strong>Interim</strong></span> <span class='ocrx_word' id='word_1_78' title='bbox 522 1547 744 1642; x_wconf 82' lang='lat' dir='ltr'><strong>distinguitur</strong></span> <span class='ocrx_word' id='word_1_79' title='bbox 756 1572 848 1618; x_wconf 88' lang='lat' dir='ltr'><strong>mora</strong></span> <span class='ocrx_word' id='word_1_80' title='bbox 863 1547 1041 1642; x_wconf 71' lang='lat' dir='ltr'><strong>&#39;poculis23</strong></span> <span class='ocrx_word' id='word_1_81' title='bbox 1060 1549 1124 1618; x_wconf 88' lang='lat' dir='ltr'><strong>nec</strong></span> 
     </span>
     <span class='ocr_line' id='line_1_11' title="bbox 63 1665 1124 1758; baseline -0.002 -24"><span class='ocrx_word' id='word_1_82' title='bbox 63 1666 166 1734; x_wconf 85' lang='lat' dir='ltr'><strong>sobrii·</strong></span> <span class='ocrx_word' id='word_1_83' title='bbox 190 1667 329 1758; x_wconf 88' lang='lat' dir='ltr'><strong>quidem</strong></span> <span class='ocrx_word' id='word_1_84' title='bbox 351 1665 526 1742; x_wconf 74' lang='lat' dir='ltr'><strong>,carnificis</strong></span> <span class='ocrx_word' id='word_1_85' title='bbox 547 1689 671 1749; x_wconf 87' lang='lat' dir='ltr'><strong>manu,</strong></span> <span class='ocrx_word' id='word_1_86' title='bbox 695 1666 973 1734; x_wconf 84' lang='lat' dir='ltr'><strong>civis-Romanus</strong></span> <span class='ocrx_word' id='word_1_87' title='bbox 995 1666 1124 1733; x_wconf 85' lang='lat' dir='ltr'><strong>occisus</strong></span> 
     </span>
     <span class='ocr_line' id='line_1_12' title="bbox 1 1779 1127 1875; baseline -0.001 -25"><span class='ocrx_word' id='word_1_88' title='bbox 1 1779 2 1832; x_wconf 71' lang='grc' dir='ltr'>ἶ</span> <span class='ocrx_word' id='word_1_89' title='bbox 62 1799 115 1852; x_wconf 86' lang='lat' dir='ltr'><strong>est.</strong></span> <span class='ocrx_word' id='word_1_90' title='bbox 129 1785 208 1851; x_wconf 90' lang='lat' dir='ltr'><strong>Non</strong></span> <span class='ocrx_word' id='word_1_91' title='bbox 225 1797 326 1875; x_wconf 87' lang='lat' dir='ltr'><strong>peto,</strong></span> <span class='ocrx_word' id='word_1_92' title='bbox 344 1805 411 1874; x_wconf 91' lang='lat' dir='ltr'><strong>quo</strong></span> <span class='ocrx_word' id='word_1_93' title='bbox 431 1781 540 1849; x_wconf 88' lang='lat' dir='ltr'><strong>minus</strong></span> <span class='ocrx_word' id='word_1_94' title='bbox 554 1783 664 1849; x_wconf 85' lang='lat' dir='ltr'><strong>securi</strong></span> <span class='ocrx_word' id='word_1_95' title='bbox 678 1783 888 1875; x_wconf 68' lang='lat' dir='ltr'><strong>percutiatur</strong></span> <span class='ocrx_word' id='word_1_96' title='bbox 904 1807 911 1848; x_wconf 93' lang='lat'><strong>:</strong></span> <span class='ocrx_word' id='word_1_97' title='bbox 925 1780 1009 1849; x_wconf 91' lang='lat' dir='ltr'><strong>illud</strong></span> <span class='ocrx_word' id='word_1_98' title='bbox 1023 1805 1127 1875; x_wconf 88' lang='lat' dir='ltr'><strong>rogo,-</strong></span> 
     </span>
     <span class='ocr_line' id='line_1_13' title="bbox 1 1895 1124 1992; baseline 0.002 -30"><span class='ocrx_word' id='word_1_99' title='bbox 1 1943 2 1948; x_wconf 18' lang='grc' dir='ltr'><strong>κ</strong></span> <span class='ocrx_word' id='word_1_100' title='bbox 17 1935 25 1950; x_wconf 88' lang='lat'><strong>·</strong></span> <span class='ocrx_word' id='word_1_101' title='bbox 63 1895 125 1990; x_wconf 87' lang='lat' dir='ltr'><strong>legi</strong></span> <span class='ocrx_word' id='word_1_102' title='bbox 138 1900 366 1992; x_wconf 87' lang='lat' dir='ltr'><strong>potiusquam</strong></span> <span class='ocrx_word' id='word_1_103' title='bbox 375 1911 485 1965; x_wconf 86' lang='lat' dir='ltr'><strong>scorto</strong></span> <span class='ocrx_word' id='word_1_104' title='bbox 496 1895 604 1964; x_wconf 89' lang='lat' dir='ltr'><strong>esdat.</strong></span> <span class='ocrx_word' id='word_1_105' title='bbox 619 1901 790 1974; x_wconf 84' lang='lat' dir='ltr'><strong>Memento</strong></span> <span class='ocrx_word' id='word_1_106' title='bbox 804 1913 973 1966; x_wconf 87' lang='lat' dir='ltr'><strong>terrorem</strong></span> <span class='ocrx_word' id='word_1_107' title='bbox 981 1897 1124 1990; x_wconf 88' lang='lat' dir='ltr'><strong>imperio</strong></span> 
     </span>
     <span class='ocr_line' id='line_1_14' title="bbox 65 2011 1125 2104; baseline -0.001 -24.057"><span class='ocrx_word' id='word_1_108' title='bbox 65 2015 177 2102; x_wconf 87' lang='lat' dir='ltr'><strong>quaeri,</strong></span> <span class='ocrx_word' id='word_1_109' title='bbox 189 2012 511 2082; x_wconf 83' lang='lat' dir='ltr'><strong>nonoblectameuta</strong></span> <span class='ocrx_word' id='word_1_110' title='bbox 520 2011 742 2080; x_wconf 89' lang='lat' dir='ltr'><strong>mulierculis.</strong></span> <span class='ocrx_word' id='word_1_111' title='bbox 756 2011 852 2104; x_wconf 89' lang='lat' dir='ltr'><strong>Quid</strong></span> <span class='ocrx_word' id='word_1_112' title='bbox 861 2035 924 2104; x_wconf 85' lang='lat' dir='ltr'><strong>ego</strong></span> <span class='ocrx_word' id='word_1_113' title='bbox 936 2035 1028 2080; x_wconf 89' lang='lat' dir='ltr'><strong>nuuc</strong></span> <span class='ocrx_word' id='word_1_114' title='bbox 1036 2011 1093 2079; x_wconf 88' lang='lat' dir='ltr'><strong>rel</strong></span> <span class='ocrx_word' id='word_1_115' title='bbox 1108 2049 1125 2062; x_wconf 91' lang='lat'>-</span> 
     </span>
     <span class='ocr_line' id='line_1_15' title="bbox 1 2123 1125 2220; baseline -0.002 -22"><span class='ocrx_word' id='word_1_116' title='bbox 1 2191 2 2220; x_wconf 47' lang='lat'><strong>,</strong></span> <span class='ocrx_word' id='word_1_117' title='bbox 66 2128 303 2213; x_wconf 57' lang='lat' dir='ltr'><strong>iamdudum,</strong></span> <span class='ocrx_word' id='word_1_118' title='bbox 313 2126 471 2196; x_wconf 89' lang='lat' dir='ltr'><strong>ludorum</strong></span> <span class='ocrx_word' id='word_1_119' title='bbox 479 2150 617 2220; x_wconf 81' lang='lat' dir='ltr'><strong>genera,</strong></span> <span class='ocrx_word' id='word_1_120' title='bbox 630 2127 835 2218; x_wconf 80' lang='lat' dir='ltr'><strong>saltationes,</strong></span> <span class='ocrx_word' id='word_1_121' title='bbox 844 2145 879 2196; x_wconf 90' lang='lat' dir='ltr'><strong>et</strong></span> <span class='ocrx_word' id='word_1_122' title='bbox 887 2123 973 2195; x_wconf 90' lang='lat' dir='ltr'><strong>illud</strong></span> <span class='ocrx_word' id='word_1_123' title='bbox 981 2125 1125 2196; x_wconf 91' lang='lat' dir='ltr'><strong>dedeco-</strong></span> 
     </span>
     <span class='ocr_line' id='line_1_16' title="bbox 1 2233 1125 2340; baseline 0.003 -30"><span class='ocrx_word' id='word_1_124' title='bbox 1 2337 2 2340; x_wconf 63' lang='lat'><strong>,</strong></span> <span class='ocrx_word' id='word_1_125' title='bbox 64 2243 107 2312; x_wconf 90' lang='lat' dir='ltr'><strong>ris</strong></span> <span class='ocrx_word' id='word_1_126' title='bbox 115 2233 321 2331; x_wconf 82' lang='lat' dir='ltr'><strong>ecrtameu³,</strong></span> <span class='ocrx_word' id='word_1_127' title='bbox 332 2257 502 2336; x_wconf 76' lang='lat' dir='ltr'><strong>praetorne</strong></span> <span class='ocrx_word' id='word_1_128' title='bbox 515 2265 551 2318; x_wconf 86' lang='lat' dir='ltr'><strong>se</strong></span> <span class='ocrx_word' id='word_1_129' title='bbox 565 2242 700 2312; x_wconf 89' lang='lat' dir='ltr'><strong>mollius</strong></span> <span class='ocrx_word' id='word_1_130' title='bbox 711 2259 874 2328; x_wconf 89' lang='lat' dir='ltr'><strong>moveret,</strong></span> <span class='ocrx_word' id='word_1_131' title='bbox 888 2267 931 2312; x_wconf 87' lang='lat' dir='ltr'><strong>an</strong></span> <span class='ocrx_word' id='word_1_132' title='bbox 944 2247 1125 2313; x_wconf 78' lang='lat' dir='ltr'><strong>meretrix?</strong></span> 
     </span>
     <span class='ocr_line' id='line_1_17' title="bbox 1 2357 1123 2448; baseline 0 -20"><span class='ocrx_word' id='word_1_133' title='bbox 1 2396 2 2442; x_wconf 72' lang='lat'><em>3</em></span> <span class='ocrx_word' id='word_1_134' title='bbox 107 2361 297 2428; x_wconf 71' lang='lat' dir='ltr'><strong>Currroms.</strong></span> <span class='ocrx_word' id='word_1_135' title='bbox 325 2357 503 2448; x_wconf 87' lang='lat' dir='ltr'><strong>Exsurgite</strong></span> <span class='ocrx_word' id='word_1_136' title='bbox 526 2380 618 2425; x_wconf 88' lang='lat' dir='ltr'><strong>nunc</strong></span> <span class='ocrx_word' id='word_1_137' title='bbox 639 2359 756 2439; x_wconf 87' lang='lat' dir='ltr'><strong>Bruti,</strong></span> <span class='ocrx_word' id='word_1_138' title='bbox 779 2361 928 2443; x_wconf 89' lang='lat' dir='ltr'><strong>Horatii,</strong></span> <span class='ocrx_word' id='word_1_139' title='bbox 951 2361 1068 2443; x_wconf 85' lang='lat' dir='ltr'><strong>Decii,</strong></span> <span class='ocrx_word' id='word_1_140' title='bbox 1089 2377 1123 2430; x_wconf 87' lang='lat' dir='ltr'><strong>et</strong></span> 
     </span>
     <span class='ocr_line' id='line_1_18' title="bbox 66 2471 1122 2573; baseline 0 -29"><span class='ocrx_word' id='word_1_141' title='bbox 66 2489 178 2544; x_wconf 75' lang='lat' dir='ltr'><strong>cetera</strong></span> <span class='ocrx_word' id='word_1_142' title='bbox 189 2474 320 2543; x_wconf 85' lang='lat' dir='ltr'><strong>decora</strong></span> <span class='ocrx_word' id='word_1_143' title='bbox 341 2473 489 2566; x_wconf 89' lang='lat' dir='ltr'><strong>imperii.</strong></span> <span class='ocrx_word' id='word_1_144' title='bbox 505 2472 614 2573; x_wconf 74' lang='lat' dir='ltr'><strong>Vestri</strong></span> <span class='ocrx_word' id='word_1_145' title='bbox 630 2471 753 2556; x_wconf 81' lang='lat' dir='ltr'><strong>fasces,</strong></span> <span class='ocrx_word' id='word_1_146' title='bbox 775 2489 893 2544; x_wconf 83' lang='lat' dir='ltr'><strong>vestrae</strong></span> <span class='ocrx_word' id='word_1_147' title='bbox 911 2497 1061 2561; x_wconf 86' lang='lat' dir='ltr'><strong>secures,</strong></span> <span class='ocrx_word' id='word_1_148' title='bbox 1086 2477 1122 2544; x_wconf 91' lang='lat' dir='ltr'><strong>in</strong></span> 
     </span>
     <span class='ocr_line' id='line_1_19' title="bbox 66 2584 1162 2683; baseline -0.003 -22"><span class='ocrx_word' id='word_1_149' title='bbox 66 2607 248 2682; x_wconf 79' lang='lat' dir='ltr'><strong>quantum,</strong></span> <span class='ocrx_word' id='word_1_150' title='bbox 270 2614 332 2683; x_wconf 89' lang='lat' dir='ltr'><strong>pro</strong></span> <span class='ocrx_word' id='word_1_151' title='bbox 352 2588 440 2658; x_wconf 90' lang='lat' dir='ltr'><strong>bone</strong></span> <span class='ocrx_word' id='word_1_152' title='bbox 463 2584 619 2680; x_wconf 84' lang='lat' dir='ltr'><strong>Jupiter!</strong></span> <span class='ocrx_word' id='word_1_153' title='bbox 640 2586 788 2657; x_wconf 90' lang='lat' dir='ltr'><strong>dedecus</strong></span> <span class='ocrx_word' id='word_1_154' title='bbox 809 2589 1030 2658; x_wconf 82' lang='lat' dir='ltr'><strong>reciderunt?</strong></span> <span class='ocrx_word' id='word_1_155' title='bbox 1047 2592 1124 2660; x_wconf 85' lang='lat' dir='ltr'><strong>Istis</strong></span> <span class='ocrx_word' id='word_1_156' title='bbox 1161 2675 1162 2678; x_wconf 8' lang='grc' dir='ltr'><strong>Ἴ</strong></span> 
     </span>
     <span class='ocr_line' id='line_1_20' title="bbox 1 2703 1123 2801; baseline 0.002 -27"><span class='ocrx_word' id='word_1_157' title='bbox 1 2793 2 2798; x_wconf 9' lang='lat'>¹</span> <span class='ocrx_word' id='word_1_158' title='bbox 66 2705 364 2801; x_wconf 75' lang='lat' dir='ltr'><strong>obsroenaepuelloe</strong></span> <span class='ocrx_word' id='word_1_159' title='bbox 384 2706 554 2796; x_wconf 84' lang='lat' dir='ltr'><strong>jocantur.</strong></span> <span class='ocrx_word' id='word_1_160' title='bbox 572 2703 669 2797; x_wconf 90' lang='lat' dir='ltr'><strong>Quid</strong></span> <span class='ocrx_word' id='word_1_161' title='bbox 691 2704 718 2770; x_wconf 86' lang='lat' dir='ltr'><strong>si</strong></span> <span class='ocrx_word' id='word_1_162' title='bbox 737 2728 800 2798; x_wconf 90' lang='lat' dir='ltr'><strong>per</strong></span> <span class='ocrx_word' id='word_1_163' title='bbox 818 2705 899 2775; x_wconf 91' lang='lat' dir='ltr'><strong>deos</strong></span> <span class='ocrx_word' id='word_1_164' title='bbox 920 2707 1123 2776; x_wconf 85' lang='lat' dir='ltr'><strong>immortales</strong></span> 
     </span>
     <span class='ocr_line' id='line_1_21' title="bbox 1 2816 1231 2910; baseline -0.005 -16"><span class='ocrx_word' id='word_1_165' title='bbox 1 2855 2 2894; x_wconf 78' lang='lat'><em>3</em></span> <span class='ocrx_word' id='word_1_166' title='bbox 65 2821 153 2889; x_wconf 89' lang='lat' dir='ltr'><strong>nullo</strong></span> <span class='ocrx_word' id='word_1_167' title='bbox 167 2820 301 2890; x_wconf 87' lang='lat' dir='ltr'><strong>solenni</strong></span> <span class='ocrx_word' id='word_1_168' title='bbox 315 2816 390 2904; x_wconf 89' lang='lat' dir='ltr'><strong>die,</strong></span> <span class='ocrx_word' id='word_1_169' title='bbox 407 2816 533 2910; x_wconf 92' lang='lat' dir='ltr'><strong>populo</strong></span> <span class='ocrx_word' id='word_1_170' title='bbox 548 2819 774 2910; x_wconf 85' lang='lat' dir='ltr'><strong>inspectante,</strong></span> <span class='ocrx_word' id='word_1_171' title='bbox 792 2819 829 2885; x_wconf 91' lang='lat' dir='ltr'><strong>in</strong></span> <span class='ocrx_word' id='word_1_172' title='bbox 844 2818 916 2886; x_wconf 83' lang='lat' dir='ltr'><strong>loro</strong></span> <span class='ocrx_word' id='word_1_173' title='bbox 930 2819 1123 2888; x_wconf 70' lang='lat' dir='ltr'><strong>convivium</strong></span> <span class='ocrx_word' id='word_1_174' title='bbox 1223 2825 1231 2834; x_wconf 88' lang='grc'><em>“</em></span> 
     </span>
     <span class='ocr_line' id='line_1_22' title="bbox 1 2913 1124 3029; baseline 0.002 -26"><span class='ocrx_word' id='word_1_175' title='bbox 1 2913 2 2918; x_wconf 19' lang='lat'>¹</span> <span class='ocrx_word' id='word_1_176' title='bbox 64 2936 264 3007; x_wconf 76' lang='lat' dir='ltr'><strong>habuisses?</strong></span> <span class='ocrx_word' id='word_1_177' title='bbox 290 2958 358 3003; x_wconf 89' lang='lat' dir='ltr'><strong>uon</strong></span> <span class='ocrx_word' id='word_1_178' title='bbox 391 2935 567 3002; x_wconf 86' lang='lat' dir='ltr'><strong>minuisses</strong></span> <span class='ocrx_word' id='word_1_179' title='bbox 595 2935 801 3027; x_wconf 86' lang='lat' dir='ltr'><strong>majestatem</strong></span> <span class='ocrx_word' id='word_1_180' title='bbox 827 2936 962 3029; x_wconf 90' lang='lat' dir='ltr'><strong>imperii</strong></span> <span class='ocrx_word' id='word_1_181' title='bbox 991 2938 1124 3005; x_wconf 77' lang='lat' dir='ltr'><strong>nostrii</strong></span> 
     </span>
     <span class='ocr_line' id='line_1_23' title="bbox 1 3045 1123 3145; baseline 0.001 -27"><span class='ocrx_word' id='word_1_182' title='bbox 1 3055 2 3078; x_wconf 77' lang='lat'>³</span> <span class='ocrx_word' id='word_1_183' title='bbox 65 3045 184 3145; x_wconf 80' lang='lat' dir='ltr'><strong>Atqui,</strong></span> <span class='ocrx_word' id='word_1_184' title='bbox 205 3050 291 3144; x_wconf 86' lang='lat' dir='ltr'><strong>quid</strong></span> <span class='ocrx_word' id='word_1_185' title='bbox 306 3051 448 3119; x_wconf 89' lang='lat' dir='ltr'><strong>interest</strong></span> <span class='ocrx_word' id='word_1_186' title='bbox 467 3051 658 3126; x_wconf 83' lang='lat' dir='ltr'><strong>convivium</strong></span> <span class='ocrx_word' id='word_1_187' title='bbox 678 3054 716 3119; x_wconf 89' lang='lat' dir='ltr'><strong>in</strong></span> <span class='ocrx_word' id='word_1_188' title='bbox 735 3053 863 3137; x_wconf 85' lang='lat' dir='ltr'><strong>lorum,</strong></span> <span class='ocrx_word' id='word_1_189' title='bbox 885 3051 1064 3120; x_wconf 79' lang='lat' dir='ltr'><strong>anfosum</strong></span> <span class='ocrx_word' id='word_1_190' title='bbox 1087 3055 1123 3120; x_wconf 90' lang='lat' dir='ltr'><strong>in</strong></span> 
     </span>
     <span class='ocr_line' id='line_1_24' title="bbox 1 3162 1131 3266; baseline 0.005 -35"><span class='ocrx_word' id='word_1_191' title='bbox 1 3167 2 3206; x_wconf 70' lang='lat'>³</span> <span class='ocrx_word' id='word_1_192' title='bbox 66 3167 255 3238; x_wconf 85' lang='lat' dir='ltr'><strong>convivium</strong></span> <span class='ocrx_word' id='word_1_193' title='bbox 278 3163 454 3235; x_wconf 78' lang='lat' dir='ltr'><strong>attrabssl·</strong></span> <span class='ocrx_word' id='word_1_194' title='bbox 469 3162 602 3266; x_wconf 78' lang='lat' dir='ltr'><strong>Deinde</strong></span> <span class='ocrx_word' id='word_1_195' title='bbox 619 3163 815 3260; x_wconf 89' lang='lat' dir='ltr'><strong>descripsit,</strong></span> <span class='ocrx_word' id='word_1_196' title='bbox 832 3167 976 3258; x_wconf 89' lang='lat' dir='ltr'><strong>qualiter</strong></span> <span class='ocrx_word' id='word_1_197' title='bbox 996 3169 1032 3235; x_wconf 91' lang='lat' dir='ltr'><strong>in</strong></span> <span class='ocrx_word' id='word_1_198' title='bbox 1051 3169 1131 3237; x_wconf 84' lang='lat' dir='ltr'><strong>loro·</strong></span> 
     </span>
     <span class='ocr_line' id='line_1_25' title="bbox 67 3263 1125 3375; baseline 0.006 -31"><span class='ocrx_word' id='word_1_199' title='bbox 67 3277 262 3349; x_wconf 85' lang='lat' dir='ltr'><strong>decolletur.</strong></span> <span class='ocrx_word' id='word_1_200' title='bbox 288 3263 460 3348; x_wconf 84' lang='lat' dir='ltr'><strong>Ascendit·</strong></span> <span class='ocrx_word' id='word_1_201' title='bbox 472 3294 598 3371; x_wconf 77' lang='lat' dir='ltr'><strong>praetor</strong></span> <span class='ocrx_word' id='word_1_202' title='bbox 617 3277 766 3348; x_wconf 85' lang='lat' dir='ltr'><strong>tribunal</strong></span> <span class='ocrx_word' id='word_1_203' title='bbox 778 3323 794 3366; x_wconf 90' lang='lat'><strong>,-</strong></span> <span class='ocrx_word' id='word_1_204' title='bbox 820 3283 1029 3374; x_wconf 87' lang='lat' dir='ltr'><strong>inspectante</strong></span> <span class='ocrx_word' id='word_1_205' title='bbox 1046 3306 1125 3375; x_wconf 90' lang='lat' dir='ltr'><strong>pro-</strong></span> 
     </span>
     <span class='ocr_line' id='line_1_26' title="bbox 1 3395 1126 3490; baseline 0.009 -31"><span class='ocrx_word' id='word_1_206' title='bbox 1 3411 2 3416; x_wconf 52' lang='lat'><em>*</em></span> <span class='ocrx_word' id='word_1_207' title='bbox 67 3395 175 3466; x_wconf 81' lang='lat' dir='ltr'><strong>vincia</strong></span> <span class='ocrx_word' id='word_1_208' title='bbox 194 3397 327 3466; x_wconf 76' lang='lat' dir='ltr'><strong>:noxiae</strong></span> <span class='ocrx_word' id='word_1_209' title='bbox 344 3409 420 3490; x_wconf 91' lang='lat' dir='ltr'><strong>post</strong></span> <span class='ocrx_word' id='word_1_210' title='bbox 439 3410 534 3490; x_wconf 87' lang='lat' dir='ltr'><strong>terga</strong></span> <span class='ocrx_word' id='word_1_211' title='bbox 548 3395 698 3490; x_wconf 86' lang='lat' dir='ltr'><strong>ligantur</strong></span> <span class='ocrx_word' id='word_1_212' title='bbox 713 3420 830 3465; x_wconf 88' lang='lat' dir='ltr'><strong>manus</strong></span> <span class='ocrx_word' id='word_1_213' title='bbox 846 3424 854 3464; x_wconf 75' lang='grc' dir='ltr'><strong>ε</strong></span> <span class='ocrx_word' id='word_1_214' title='bbox 870 3399 980 3465; x_wconf 87' lang='lat' dir='ltr'><strong>statim</strong></span> <span class='ocrx_word' id='word_1_215' title='bbox 995 3400 1126 3469; x_wconf 87' lang='lat' dir='ltr'><strong>intento</strong></span> 
     </span>
     <span class='ocr_line' id='line_1_27' title="bbox 1 3511 1127 3603; baseline 0 -21"><span class='ocrx_word' id='word_1_216' title='bbox 1 3529 2 3582; x_wconf 77' lang='grc' dir='ltr'>ξ</span> <span class='ocrx_word' id='word_1_217' title='bbox 65 3533 103 3578; x_wconf 86' lang='lat' dir='ltr'><strong>ac</strong></span> <span class='ocrx_word' id='word_1_218' title='bbox 123 3512 212 3581; x_wconf 89' lang='lat' dir='ltr'><strong>tristi</strong></span> <span class='ocrx_word' id='word_1_219' title='bbox 231 3513 380 3581; x_wconf 90' lang='lat' dir='ltr'><strong>omnium</strong></span> <span class='ocrx_word' id='word_1_220' title='bbox 397 3511 509 3591; x_wconf 82' lang='lat' dir='ltr'><strong>vultu,</strong></span> <span class='ocrx_word' id='word_1_221' title='bbox 533 3511 573 3580; x_wconf 84' lang='lat' dir='ltr'><strong>fit</strong></span> <span class='ocrx_word' id='word_1_222' title='bbox 588 3536 608 3580; x_wconf 87' lang='lat' dir='ltr'><strong>s</strong></span> <span class='ocrx_word' id='word_1_223' title='bbox 626 3534 781 3603; x_wconf 77' lang='lat' dir='ltr'><strong>precone</strong></span> <span class='ocrx_word' id='word_1_224' title='bbox 804 3511 974 3580; x_wconf 90' lang='lat' dir='ltr'><strong>silentium</strong></span> <span class='ocrx_word' id='word_1_225' title='bbox 996 3539 1003 3580; x_wconf 91' lang='lat'>:</span> <span class='ocrx_word' id='word_1_226' title='bbox 1028 3513 1127 3582; x_wconf 86' lang='lat' dir='ltr'><strong>adbi-</strong></span> 
     </span>
    </p>
   </div>
   <div class='ocr_carea' id='block_1_3' title="bbox 1 3703 1161 4324">
    <p class='ocr_par' dir='ltr' id='par_1_3' title="bbox 1 3703 1161 4324">
     <span class='ocr_line' id='line_1_28' title="bbox 1 3703 1126 3782; baseline 0.005 -26"><span class='ocrx_word' id='word_1_227' title='bbox 1 3703 2 3706; x_wconf 66' lang='grc'>’</span> <span class='ocrx_word' id='word_1_228' title='bbox 99 3723 120 3758; x_wconf 88' lang='grc' dir='ltr'><strong>ι.</strong></span> <span class='ocrx_word' id='word_1_229' title='bbox 134 3705 259 3776; x_wconf 77' lang='lat' dir='ltr'><strong>Utn&#39;eque</strong></span> <span class='ocrx_word' id='word_1_230' title='bbox 268 3707 392 3759; x_wconf 77' lang='lat' dir='ltr'><strong>manibus</strong></span> <span class='ocrx_word' id='word_1_231' title='bbox 403 3724 521 3759; x_wconf 81' lang='lat' dir='ltr'><strong>mensam</strong></span> <span class='ocrx_word' id='word_1_232' title='bbox 533 3715 569 3759; x_wconf 81' lang='lat' dir='ltr'><strong>te·</strong></span> <span class='ocrx_word' id='word_1_233' title='bbox 650 3706 1126 3782; x_wconf 76' lang='lat' dir='ltr'><strong>3·Terrorem.Senee.OEtlip.«llegna</strong></span> 
     </span>
     <span class='ocr_line' id='line_1_29' title="bbox 1 3776 1127 3856; baseline 0.002 -20"><span class='ocrx_word' id='word_1_234' title='bbox 1 3776 2 3806; x_wconf 66' lang='lat'><em>³</em></span> <span class='ocrx_word' id='word_1_235' title='bbox 67 3801 133 3836; x_wconf 73' lang='lat' dir='ltr'><strong>netu.</strong></span> <span class='ocrx_word' id='word_1_236' title='bbox 143 3783 342 3856; x_wconf 71' lang='lat' dir='ltr'><strong>Ouid-«Tange</strong></span> <span class='ocrx_word' id='word_1_237' title='bbox 353 3801 568 3846; x_wconf 72' lang='lat' dir='ltr'><strong>namurcensem,</strong></span> <span class='ocrx_word' id='word_1_238' title='bbox 619 3785 727 3837; x_wconf 84' lang='lat' dir='ltr'><strong>custodit</strong></span> <span class='ocrx_word' id='word_1_239' title='bbox 742 3797 856 3838; x_wconf 75' lang='lat' dir='ltr'><strong>metus-¹»</strong></span> <span class='ocrx_word' id='word_1_240' title='bbox 870 3787 1053 3840; x_wconf 81' lang='lat' dir='ltr'><strong>-Dedeooris</strong></span> <span class='ocrx_word' id='word_1_241' title='bbox 1068 3801 1127 3838; x_wconf 81' lang='lat' dir='ltr'><strong>cer-</strong></span> 
     </span>
     <span class='ocr_line' id='line_1_30' title="bbox 69 3861 1161 3936; baseline -0.001 -22"><span class='ocrx_word' id='word_1_242' title='bbox 69 3873 173 3936; x_wconf 74' lang='lat' dir='ltr'><strong>tangam</strong></span> <span class='ocrx_word' id='word_1_243' title='bbox 178 3883 231 3934; x_wconf 80' lang='lat' dir='ltr'><strong>qno</strong></span> <span class='ocrx_word' id='word_1_244' title='bbox 236 3881 307 3916; x_wconf 82' lang='lat' dir='ltr'><strong>more</strong></span> <span class='ocrx_word' id='word_1_245' title='bbox 313 3875 466 3936; x_wconf 79' lang='lat' dir='ltr'><strong>precantes.»</strong></span> <span class='ocrx_word' id='word_1_246' title='bbox 471 3862 570 3916; x_wconf 69' lang='lat' dir='ltr'><strong>&amp;tute</strong></span> <span class='ocrx_word' id='word_1_247' title='bbox 619 3872 714 3914; x_wconf 68' lang='lat' dir='ltr'><strong>umere</strong></span> <span class='ocrx_word' id='word_1_248' title='bbox 723 3863 820 3917; x_wconf 75' lang='lat' dir='ltr'><strong>Sensus</strong></span> <span class='ocrx_word' id='word_1_249' title='bbox 830 3862 857 3914; x_wconf 88' lang='lat' dir='ltr'><strong>in</strong></span> <span class='ocrx_word' id='word_1_250' title='bbox 867 3861 960 3914; x_wconf 78' lang='lat' dir='ltr'><strong>Medea</strong></span> <span class='ocrx_word' id='word_1_251' title='bbox 970 3863 1020 3933; x_wconf 74' lang='lat'><strong>396</strong></span> <span class='ocrx_word' id='word_1_252' title='bbox 1027 3879 1034 3914; x_wconf 78' lang='lat' dir='ltr'><strong>t</strong></span> <span class='ocrx_word' id='word_1_253' title='bbox 1042 3861 1128 3914; x_wconf 80' lang='lat' dir='ltr'><strong>«Vul-</strong></span> <span class='ocrx_word' id='word_1_254' title='bbox 1157 3896 1161 3904; x_wconf 83' lang='lat'>·</span> 
     </span>
     <span class='ocr_line' id='line_1_31' title="bbox 96 3939 1127 4012; baseline -0.004 -18"><span class='ocrx_word' id='word_1_255' title='bbox 96 3961 120 3994; x_wconf 67' lang='grc' dir='ltr'><strong>α.</strong></span> <span class='ocrx_word' id='word_1_256' title='bbox 128 3943 241 3995; x_wconf 72' lang='lat' dir='ltr'><strong>Interim</strong></span> <span class='ocrx_word' id='word_1_257' title='bbox 251 3944 420 4012; x_wconf 68' lang='lat' dir='ltr'><strong>distinguitur</strong></span> <span class='ocrx_word' id='word_1_258' title='bbox 429 3961 505 3995; x_wconf 85' lang='lat' dir='ltr'><strong>mom</strong></span> <span class='ocrx_word' id='word_1_259' title='bbox 518 3961 572 4010; x_wconf 86' lang='lat' dir='ltr'><strong>po-</strong></span> <span class='ocrx_word' id='word_1_260' title='bbox 620 3951 659 3992; x_wconf 84' lang='lat' dir='ltr'><strong>tns</strong></span> <span class='ocrx_word' id='word_1_261' title='bbox 671 3939 762 3992; x_wconf 80' lang='lat' dir='ltr'><strong>luroris</strong></span> <span class='ocrx_word' id='word_1_262' title='bbox 772 3959 878 3992; x_wconf 86' lang='lat' dir='ltr'><strong>cerno.»</strong></span> <span class='ocrx_word' id='word_1_263' title='bbox 890 3939 1000 4009; x_wconf 85' lang='lat' dir='ltr'><strong>Quintil.</strong></span> <span class='ocrx_word' id='word_1_264' title='bbox 1013 3939 1127 3992; x_wconf 82' lang='lat' dir='ltr'><strong>Declsm.</strong></span> 
     </span>
     <span class='ocr_line' id='line_1_32' title="bbox 67 4015 1130 4090; baseline -0.003 -19"><span class='ocrx_word' id='word_1_265' title='bbox 67 4021 136 4072; x_wconf 75' lang='lat' dir='ltr'><strong>mls&#39;s.</strong></span> <span class='ocrx_word' id='word_1_266' title='bbox 154 4018 219 4070; x_wconf 83' lang='lat' dir='ltr'><strong>Vult</strong></span> <span class='ocrx_word' id='word_1_267' title='bbox 236 4030 350 4090; x_wconf 77' lang='lat' dir='ltr'><strong>potatam</strong></span> <span class='ocrx_word' id='word_1_268' title='bbox 368 4020 434 4073; x_wconf 86' lang='lat' dir='ltr'><strong>intur</strong></span> <span class='ocrx_word' id='word_1_269' title='bbox 452 4037 551 4072; x_wconf 82' lang='lat' dir='ltr'><strong>morsm</strong></span> <span class='ocrx_word' id='word_1_270' title='bbox 564 4055 572 4084; x_wconf 90' lang='lat'><strong>,</strong></span> <span class='ocrx_word' id='word_1_271' title='bbox 622 4015 670 4090; x_wconf 75' lang='lat'><strong>296</strong></span> <span class='ocrx_word' id='word_1_272' title='bbox 682 4035 689 4070; x_wconf 91' lang='lat'><strong>:</strong></span> <span class='ocrx_word' id='word_1_273' title='bbox 700 4017 846 4069; x_wconf 63' lang='lat' dir='ltr'><strong>«Animum</strong></span> <span class='ocrx_word' id='word_1_274' title='bbox 857 4017 984 4072; x_wconf 81' lang='lat' dir='ltr'><strong>servitutis</strong></span> <span class='ocrx_word' id='word_1_275' title='bbox 995 4037 1008 4065; x_wconf 73' lang='lat' dir='ltr'><strong>a</strong></span> <span class='ocrx_word' id='word_1_276' title='bbox 1020 4036 1064 4089; x_wconf 86' lang='lat' dir='ltr'><strong>pro</strong></span> <span class='ocrx_word' id='word_1_277' title='bbox 1077 4035 1130 4071; x_wconf 79' lang='lat' dir='ltr'><strong>ser·</strong></span> 
     </span>
     <span class='ocr_line' id='line_1_33' title="bbox 68 4092 1129 4168; baseline 0.004 -24"><span class='ocrx_word' id='word_1_278' title='bbox 68 4092 142 4166; x_wconf 77' lang='lat' dir='ltr'><strong>idque</strong></span> <span class='ocrx_word' id='word_1_279' title='bbox 172 4094 349 4167; x_wconf 77' lang='lat' dir='ltr'><strong>interpositum</strong></span> <span class='ocrx_word' id='word_1_280' title='bbox 381 4096 465 4150; x_wconf 76' lang='lat' dir='ltr'><strong>luisse.</strong></span> <span class='ocrx_word' id='word_1_281' title='bbox 492 4096 573 4149; x_wconf 77' lang='lat' dir='ltr'><strong>Panlo</strong></span> <span class='ocrx_word' id='word_1_282' title='bbox 621 4095 1129 4168; x_wconf 74' lang='lat' dir='ltr'><strong>silidixit.Arnob.ll,adversusgentes:</strong></span> 
     </span>
     <span class='ocr_line' id='line_1_34' title="bbox 1 4173 1130 4246; baseline 0 -20"><span class='ocrx_word' id='word_1_283' title='bbox 1 4205 2 4208; x_wconf 63' lang='lat'><em>=</em></span> <span class='ocrx_word' id='word_1_284' title='bbox 69 4186 142 4228; x_wconf 78' lang='lat' dir='ltr'><strong>nte:</strong></span> <span class='ocrx_word' id='word_1_285' title='bbox 159 4177 357 4245; x_wconf 58' lang='lat' dir='ltr'><strong>&amp;tinguuntur</strong></span> <span class='ocrx_word' id='word_1_286' title='bbox 376 4181 503 4246; x_wconf 62' lang='lat' dir='ltr'><strong>matteis</strong></span> <span class='ocrx_word' id='word_1_287' title='bbox 520 4195 575 4246; x_wconf 84' lang='lat' dir='ltr'><strong>po-</strong></span> <span class='ocrx_word' id='word_1_288' title='bbox 624 4174 779 4228; x_wconf 76' lang='lat' dir='ltr'><strong>slnterdieta</strong></span> <span class='ocrx_word' id='word_1_289' title='bbox 800 4173 1008 4242; x_wconf 58' lang='lat' dir='ltr'><strong>formidinum»</strong></span> <span class='ocrx_word' id='word_1_290' title='bbox 1033 4175 1130 4244; x_wconf 81' lang='lat' dir='ltr'><strong>idest,</strong></span> 
     </span>
     <span class='ocr_line' id='line_1_35' title="bbox 68 4249 1025 4324; baseline -0.002 -18"><span class='ocrx_word' id='word_1_291' title='bbox 68 4255 131 4308; x_wconf 77' lang='lat' dir='ltr'><strong>eolis</strong></span> <span class='ocrx_word' id='word_1_292' title='bbox 141 4274 234 4308; x_wconf 79' lang='lat' dir='ltr'><strong>aurea.</strong></span> <span class='ocrx_word' id='word_1_293' title='bbox 245 4253 345 4308; x_wconf 81' lang='lat' dir='ltr'><strong>Scbult.</strong></span> <span class='ocrx_word' id='word_1_294' title='bbox 623 4252 722 4324; x_wconf 75' lang='lat' dir='ltr'><strong>egregie</strong></span> <span class='ocrx_word' id='word_1_295' title='bbox 738 4249 916 4304; x_wconf 80' lang='lat' dir='ltr'><strong>formidabilis.</strong></span> <span class='ocrx_word' id='word_1_296' title='bbox 931 4249 1025 4304; x_wconf 69' lang='lat' dir='ltr'><strong>&amp;butt</strong></span> 
     </span>
    </p>
   </div>
   <div class='ocr_carea' id='block_1_4' title="bbox 0 0 1450 4808">
    <p class='ocr_par' dir='ltr' id='par_1_4' title="bbox 0 0 1450 4808">
     <span class='ocr_line' id='line_1_36' title="bbox 0 0 1450 4808; baseline 0 0"><span class='ocrx_word' id='word_1_297' title='bbox 0 0 1450 4808; x_wconf 95' lang='lat' dir='ltr'><strong> </strong></span> 
     </span>
    </p>
   </div>
  </div>
 </body>
</html>
