2874 4768
286 490 368 584 540*
608 501 655 564 M.
680 497 827 565 ANNAEl
850 497 1031 566 SENECAE

284 626 454 721 placuisti.
470 627 612 710 Rumor,
629 627 760 718 inquit,
778 625 906 712 fluerat,
924 622 1109 696 decessisse
1123 643 1170 695 te.
1187 629 1365 714 Mirabar,

283 745 311 811 si
327 744 425 814 talem
438 766 575 813 uxorem
589 745 666 812 vivo
677 746 794 837 patre¹
810 741 939 812 habere
950 746 1129 839 potuisses.
1143 747 1221 813 Non
1236 749 1370 839 miset-is

283 861 343 928 ubi
357 863 533 954 perierim.
553 862 646 928 Mors
660 883 735 930 meu
748 859 812 928 tibi
826 859 931 928 debet
951 885 1024 930 esse
1044 878 1202 956 suspecta
1221 889 1230 930 ε
1246 866 1369 932 inimi·

264 1002 361 1076 ‘cum
385 978 508 1047 habeo.
530 977 619 1070 Quis
641 977 728 1047 alius
750 977 839 1046 banc
867 977 987 1047 lamam
1013 979 1124 1072 potuit
1146 981 1363 1070 immittere,

283 1094 351 1162 nisi
363 1094 422 1186 qui
436 1117 491 1161 me
503 1094 582 1161 vivo
594 1093 699 1162 lilium
714 1094 881 1163 collocare
893 1118 962 1163 non
976 1111 1108 1190 poterat
1118 1096 1134 1163 i
1145 1099 1224 1164 Non
1238 1099 1361 1182 times,

284 1231 328 1277 ne
350 1193 554 1302 inter'ipsas
578 1211 713 1302 nuptias
735 1226 810 1278 tuas
831 1211 938 1304 patris
959 1235 1033 1280 ossa
1054 1213 1275 1281 referantur?
1292 1215 1365 1281 Tot

207 1413 211 1421 ῃ
283 1325 372 1392 servi
386 1342 587 1417 sequuntur,
604 1341 653 1395 tot
664 1325 779 1412 liberi,
798 1343 847 1395 tot
860 1328 1012 1418 clientes,
1026 1344 1065 1396 ut
1078 1327 1249 1422 quidquid
1263 1329 1364 1396 dixe·

284 1437 353 1525 νὴ,Ι
371 1466 486 1511 rumor
509 1443 563 1511 sit.
589 1441 769 1511 Fabricius
783 1465 902 1511 aurum
915 1443 1104 1537 aPyrrbo²
1119 1445 1279 1537 accipere
1299 1467 1363 1511 no-

283 1560 349 1627 luit
364 1585 373 1627 :
388 1560 520 1628 beatior
543 1562 607 1628 iste
620 1558 686 1627 fnit
697 1559 833 1645 animo,
849 1582 951 1652 quam
965 1557 1023 1628 ille
1036 1583 1155 1650 reguo.
1171 1559 1295 1627 Plures
1309 1560 1362 1624 in-

284 1675 387 1745 sidias
409 1677 445 1743 in
466 1677 590 1743 itincre
610 1674 760 1770 fugitet
782 1673 906 1743 factum
929 1673 1037 1758 dives,
1055 1673 1145 1767 quod
1162 1673 1361 1743 faciendum

285 1792 524 1876 mandaverat,
547 1791 707 1868 credidit.

332 1941 444 2030 PARS
467 1960 662 2030 ALTERA.
679 1962 810 2028 Vanum
836 1960 953 2054 gloriae
978 1983 1104 2054 genus,
1129 1959 1245 2029 odium
1269 1960 1364 2030 diri·

284 2083 419 2149 tiarum.
438 2077 600 2146 Mortales
619 2101 691 2146 esse
710 2078 897 2145 inimicitie
911 2069 1058 2145 debent³
1076 2079 1210 2170 :Scipio
1223 2079 1362 2148 Gracls-

284 2196 341 2264 chi
365 2195 550 2276 inimicus,
570 2207 737 2260 ettamen
759 2209 874 2285 postea
894 2215 1005 2261 socer.
1022 2191 1128 2285 Cujus
1141 2193 1226 2260 vitio
1239 2195 1361 2262 inimi-

283 2315 369 2384 citiae
385 2325 565 2381 contractae
591 2311 659 2378 sint
681 2327 834 2404 apparet.
861 2309 924 2378 Ille
944 2326 1034 2378 amat
1057 2311 1163 2379 filium
1182 2327 1298 2397 tuum,
1324 2329 1362 2382 tu

284 2454 348 2500 nec
362 2447 470 2498 illum·

331 2591 497 2663 EXTRA.
517 2594 680 2661 Sarranus
702 2613 773 2658 rem
798 2585 1028 2659 stultissimam
1048 2589 1132 2659 dixit
1152 2616 1159 2657 :
1183 2591 1290 2660 Dives
1303 2617 1362 2662 me

175 2760 178 2768 -
284 2733 418 2803 semper
433 2707 652 2801 contempsit,
670 2729 844 2798 nunquam
858 2706 926 2774 nisi
939 2731 1002 2801 pro
1016 2724 1147 2778 mortuo
1160 2706 1296 2775 habuit.
1312 2709 1363 2777 Ut

206 2865 211 2874 ·
283 2824 416 2918 aliquid
428 2825 549 2916 etipse
564 2823 673 2891 simile
691 2820 734 2891 de
756 2823 903 2892 Seniano
923 2821 1053 2909 dicam,
1074 2839 1151 2918 post
1169 2822 1259 2892 hanc
1275 2846 1362 2890 sen-

283 2942 422 3010 tentiam
436 2936 620 3008 Senianum
634 2961 767 3031 semper
779 2961 842 3031 pro
856 2955 988 3008 mortuo
1001 2938 1121 3008 habui.

319 3153 340 3186 ι.
348 3133 416 3186 Vivo
421 3133 550 3200 petralta
557 3129 620 3184 libb.
627 3142 676 3184 tres
683 3130 795 3184 etllrob.
844 3131 913 3184 Hinc
922 3130 986 3185 illutl
997 3131 1146 3206 Philosophi
1155 3131 1255 3186 dictum
1265 3149 1272 3184 τ
1282 3131 1361 3186 Hor·

284 3210 314 3263 stl
333 3228 413 3263 oram.
433 3207 485 3260 Alii
501 3206 602 3274 jubente
614 3219 691 3278 putre
707 3229 715 3262 .·
730 3209 795 3262 lorts
844 3212 908 3263 tulit
922 3230 1003 3280 quum
1013 3216 1060 3274 εἰσ,
1070 3213 1235 3264 immortales
1246 3212 1360 3268 iniuria·-

283 3290 379 3342 virente
385 3297 462 3357 putre
471 3286 570 3361 scripsit
580 3287 688 3341 Seneca.
698 3285 795 3340 Seleu.
843 3293 896 3342 tias
922 3307 954 3342 ne
971 3309 1059 3360 geras.
1081 3288 1122 3341 De
1141 3288 1182 3342 Ti.
1203 3287 1361 3362 Sempronio

318 3387 340 3418 a.
361 3363 503 3418 Fabricius
528 3384 625 3418 aurum
646 3386 665 3418 a
683 3365 795 3436 1²yrrlo.
844 3367 1101 3438 Graccbo‚quicum
1114 3365 1361 3442 ScipioneAsistieo

284 3443 368 3497 Etim
380 3455 494 3512 quartam
515 3456 611 3515 partem
629 3443 703 3516 regni
719 3444 796 3496 obla·-
844 3443 960 3499 tribunus
979 3443 1046 3517 pleb.
1065 3456 1091 3496 st
1113 3443 1235 3497 atticano
1259 3443 1360 3516 majore

283 3535 334 3573 tam
344 3520 476 3574 retonuit.
488 3519 563 3592 Supr.
573 3519 695 3573 Controv.
705 3543 731 3592 9,
741 3541 795 3575 non
844 3521 990 3576 inimicitius
1003 3521 1094 3596 gessit:
1105 3521 1183 3598 liujus
1196 3523 1275 3574 etiam
1288 3519 1361 3572 Gor-

284 3598 483 3654 semleustinus
493 3597 538 3652 lib.
546 3598 795 3662 numu-ominus
821 3635 823 3640 ,
843 3599 936 3652 aeliam
957 3598 1035 3651 filiam
1053 3617 1157 3651 uxorem
1174 3596 1246 3651 (luxit
1263 3618 1293 3650 ex
1306 3615 1361 3668 qus

284 3677 330 3731 lib.
349 3677 396 3742 Ν,
420 3697 443 3730 c.
460 3676 492 3742 3,
513 3688 537 3730 et
556 3677 692 3748 Eutropius
704 3677 748 3730 lib.
761 3677 794 3730 ll.
844 3677 884 3730 Ti.
898 3675 1025 3732 stCaium
1038 3675 1169 3730 Gracchos
1184 3675 1300 3738 sustullt;
1316 3675 1360 3727 le·

287 3756 383 3812 sebert.
845 3757 922 3830 gentli
939 3755 1043 3822 Cicero,
1064 3755 1169 3820 Livius,
1188 3752 1360 3818 Pluttrebut,

320 3834 343 3886 3·
352 3835 691 3889 tlondesessetnimtctrtoe
697 3835 795 3886 debunt.
844 3835 971 3904 Valerius,
986 3847 1010 3889 et
1023 3834 1075 3888 alil.
1087 3833 1184 3888 Schola.
