2874 4796
312 436 378 504 516
635 433 682 500 Μ.
714 429 859 498 ANNAEI
883 429 1060 500 SENECAE

311 565 461 658 singulos
471 561 693 656 producendo
711 588 718 628 :
736 559 924 629 liberaliter
937 561 1039 630 hodie
1053 578 1087 631 et
1101 564 1202 658 plena
1216 589 1322 636 manu
1336 569 1387 637 sa-

311 683 411 750 ciam.
426 677 535 748 Pollio
554 677 711 745 Asinius¹
731 699 905 768 nunquam
923 673 1068 746 admissa
1085 678 1304 748 multitudine
1321 679 1385 750 de-

310 797 468 868 clamavit
484 823 492 866 :
508 819 573 864 nec
590 795 641 863 illi
658 793 798 864 ambitio
818 795 855 862 in
874 792 986 862 studio
1003 792 1127 864 deluit.
1140 799 1273 868 Primus
1287 801 1383 870 enim

309 914 461 988 omnium
487 913 716 979 Romanorum
740 905 913 979 advocatis
936 908 1132 980 hominibus
1159 914 1286 1006 scripta
1322 939 1383 984 sua

264 1039 267 1045 '
308 1026 475 1095 recitavit.
492 1026 535 1092 Et
547 1022 627 1092 inde
644 1020 800 1116 estquod
815 1021 986 1090 Labienus
1003 1021 1104 1092 homo
1121 1027 1262 1112 mentis,
1278 1051 1381 1120 quarn

253 1137 261 1156 “
308 1142 453 1234 lingua,
471 1141 648 1212 amarioris
664 1139 748 1213 dicit
765 1138 849 1210 :Ille
862 1139 1075 1234 triumphalia
1086 1165 1186 1213 senex
1201 1142 1382 1242 ’ὀαροώεις

306 1283 386 1328 suae
401 1283 574 1352 nunquam
588 1256 715 1352 populo
735 1257 914 1326 commisit.
929 1257 1008 1326 Sive
1025 1260 1105 1350 quia
1122 1285 1244 1353 parum
1257 1262 1295 1330 in
1313 1262 1382 1331 illie

308 1376 467 1448 habuerit
484 1373 637 1474 fiducie,
658 1377 732 1444 eive
751 1373 867 1466 (quod
886 1375 994 1468 magis
1019 1375 1251 1472 crediderim)
1270 1394 1381 1448 tantus

307 1509 422 1564 orator
438 1491 580 1561 inferius
594 1489 630 1558 id
644 1514 730 1582 opus
743 1481 958 1580 ingeniosae
972 1487 1125 1575 duxerit3
1142 1493 1294 1562 exerceri
1308 1496 1380 1586 qui-

310 1608 387 1678 dem
404 1585 462 1678 illo
475 1607 629 1688 volebat,
647 1605 787 1700 gloriari
798 1601 1002 1672 fastidiebat.
1018 1604 1145 1674 Audivi
1157 1624 1271 1676 autem
1287 1608 1377 1676 illum

307 1742 343 1794 ct
353 1723 515 1812 viridem,
527 1738 560 1791 et
573 1738 688 1817 postea
700 1723 770 1814 jam
786 1743 917 1798 senem,
935 1744 1011 1822 cum
1026 1723 1188 1792 Marcello
1198 1725 1377 1795 AEaernino

308 1856 431 1934 nepote
445 1834 528 1909 auo⁵
545 1839 640 1933 quasi
655 1838 869 1932 praeciperet.
889 1835 1058 1906 Audiebat
1072 1838 1167 1908 illum
1186 1838 1376 1910 dicentem:

308 1971 343 2022 et
361 1955 506 2046 primum
524 1951 661 2044 quidem
679 1948 872 2044 disputabat
890 1946 933 2016 de
953 1949 1011 2018 illa
1032 1969 1150 2046 parte,
1167 1979 1272 2046 quam
1288 1959 1377 2026 Mar·

305 2067 413 2138 celius
429 2067 559 2136 dixerat
576 2093 583 2136 :
600 2061 825 2159 pretermissa
839 2063 1053 2152 ostendebat,
1066 2071 1166 2138 tacita
1176 2070 1303 2141 leviter
1316 2073 1377 2141 im·

307 2185 445 2280 plebat,
464 2184 584 2253 vitiosa
602 2180 820 2272 coarguebat.
839 2179 974 2250 Deinde
992 2181 1129 2253 dicebat
1146 2203 1281 2280 partem
1299 2212 1378 2258 con·

307 2301 460 2368 trariam.
479 2296 652 2366 Floridior
672 2311 747 2364 erat
764 2293 938 2386 aliquanto
958 2299 990 2366 in
1011 2298 1260 2388 declamando,
1282 2329 1379 2398 quam

344 2490 366 2524 r·
379 2467 468 2524 Pollio
482 2469 602 2522 Asinius.
619 2467 705 2536 Quem
721 2463 820 2520 Plinius
870 2467 1000 2539 octoginta
1012 2487 1092 2524 aanor
1102 2482 1185 2536 natus,
1197 2491 1313 2528 nervose
1323 2473 1381 2526 viri·

272 2569 277 2580 ·
307 2547 353 2600 lib.
364 2547 430 2615 vll,
446 2566 499 2620 cap.
510 2544 713 2620 30‚principem
730 2548 820 2594 orato·
869 2541 944 2596 litatis
955 2544 1021 2598 baud
1034 2566 1138 2622 parvum
1150 2548 1380 2622 exemplumdicm

305 2645 374 2692 rem,
388 2637 412 2677 et
423 2624 505 2679 civem
513 2637 593 2678 vocat.
604 2621 721 2675 Valerius
733 2617 821 2672 Maxi-
870 2621 940 2674 obiit.
951 2623 1011 2677 llaec
1023 2644 1050 2676 ex
1060 2623 1239 2696 Quintiliano,
1249 2625 1267 2678 l.
1275 2627 1314 2694 X,
1323 2647 1345 2680 c.
1359 2647 1379 2692 r,

308 2724 366 2760 mus
380 2704 425 2760 lib.
436 2704 519 2768 Vlll,
534 2723 589 2774 etp·
605 2721 653 2766 ιι,
669 2718 721 2758 nott
738 2696 821 2750 mini·
871 2711 895 2754 et
905 2699 952 2752 lib.
963 2701 1029 2765 xn,
1041 2721 1096 2777 cep-
1108 2703 1132 2756 b.
1144 2704 1260 2758 Asconio
1268 2705 1296 2757 in
1308 2705 1380 2758 Cite-

308 2803 378 2837 maan
391 2793 485 2856 partem
495 2779 555 2853 styli
566 2777 691 2842 Romani,
702 2775 821 2846 cujusque
871 2798 959 2831 ranem
976 2800 1020 2856 pro
1036 2783 1147 2848 Scauro¹
1160 2783 1250 2838 Tacito
1264 2783 1357 2838 emt
1371 2783 1381 2836 l

309 2861 411 2915 nomini
429 2859 553 2932 Virgilius
569 2857 691 2929 Eulogam
706 2863 821 2925 quartam
871 2869 896 2909 et
909 2857 939 2909 de
950 2857 1024 2910 claris
1036 2859 1189 2926 oratoribus,
1208 2873 1234 2914 et
1245 2861 1276 2912 B.
1289 2859 1381 2916 Hiero-

309 2939 445 3011 inscriptit.
458 2938 484 2990 Is
498 2937 526 2990 in
539 2935 647 3006 llepubb
660 2946 747 2998 natus,
761 2930 822 3002 jecit
872 2951 952 3003 nyma
963 2936 990 2988 in
1003 2935 1107 2988 Eusebii
1122 2936 1253 2994 Chronioo
1274 2935 1381 3011 collegi·

310 3017 431 3090 seriisque
442 3015 660 3077 accommodatus,
674 3007 822 3063 ctomnium
872 3031 936 3064 mue.
950 3014 984 3066 N.
999 3015 1090 3068 Faber.

311 3095 445 3160 horarum,
457 3085 822 3165 ingeniotarnenlerox,qnod
905 3112 927 3143 α.
942 3093 994 3144 Ille
1012 3092 1179 3160 triumphalis
1191 3112 1277 3146 senex
1292 3095 1380 3165 ὢφοέ-

311 3175 388 3230 etiam
406 3172 461 3226 fillo
476 3171 604 3246 objectum
621 3179 673 3230 etl.
690 3185 758 3222 enno
771 3181 822 3220 tun
871 3189 928 3230 otte.
941 3167 988 3222 llla
1000 3171 1068 3224 enim
1085 3182 1134 3234 est,
1146 3171 1276 3244 elmlgne
1291 3171 1380 3226 nuath

312 3252 405 3317 aetatis,
419 3271 461 3316 ao,
475 3249 504 3300 1.
515 3247 629 3300 Domitio
640 3241 824 3304 Ahenobarbo.
874 3247 1018 3319 presidium
1029 3249 1092 3316 reis,
1105 3249 1138 3302 Et
1148 3251 1309 3318 consulenti,
1320 3251 1381 3304 l’ol-

314 3342 338 3384 et
350 3329 433 3403 Appio
443 3326 555 3381 Pulchro
565 3325 633 3378 Coss·
644 3321 689 3394 qui
696 3319 825 3376 Ciceronis
874 3324 923 3388 lio,
938 3325 1036 3391 Curiae,
1053 3322 1101 3378 Cui
1113 3326 1199 3379 laurus
1214 3341 1323 3382 aeternos
1333 3329 1380 3381 bo-

313 3408 362 3462 tuit
373 3408 405 3462 53
415 3408 580 3470 strennum,
593 3401 717 3458 Catonem
730 3419 825 3472 magno
875 3423 950 3458 nores
962 3404 1104 3458 Delmatico
1117 3405 1213 3476 peperit
1224 3407 1379 3482 triumpho-0

312 3485 389 3540 totius
403 3483 512 3539 civitatis
524 3500 650 3536 concursu
661 3478 826 3532 defendenti·
874 3481 909 3534 Ut
919 3481 1005 3534 scribit
1015 3482 1134 3535 Horatius
1145 3483 1228 3556 prima
1239 3483 1315 3552 Ode,
1326 3486 1341 3536 l.
1351 3484 1381 3536 ll.

312 3563 360 3616 bus
383 3563 421 3616 M.
447 3554 594 3624 Cicerone]
618 3559 647 3614 C.
675 3555 775 3624 Calvo,
801 3568 825 3610 et
874 3557 926 3613 Dio
939 3559 979 3626 48.
993 3558 1201 3630 Porrodqsoe‘cerc
1214 3559 1263 3626 (sic
1275 3558 1379 3616 enimab

314 3643 352 3697 M·
371 3641 467 3696 Scauro
485 3638 619 3696 accusavit.
638 3635 691 3693 Sub
711 3640 824 3710 Augusto
873 3635 971 3708 optimo
993 3637 1081 3694 codiee
1111 3637 1232 3707 reposui)
1259 3650 1379 3698 coenam

314 3719 421 3777 summis
432 3720 533 3772 functus
546 3728 583 3770 est
594 3715 749 3782 bonoribus,
763 3713 825 3786 plu·
872 3713 1060 3788 significatione
1079 3715 1152 3772 dictes
1171 3729 1232 3774 aaut
1253 3717 1378 3775 leden-

315 3817 405 3868 tesque
421 3807 549 3870 etgraves
567 3813 652 3851 carues
673 3793 739 3865 egit,
759 3791 824 3844 inter
873 3792 963 3846 donu-
977 3795 1012 3848 Ν.
1025 3793 1122 3850 Faber·
1238 3795 1245 3806 '

315 3896 378 3948 qnae
405 3885 577 3930 memorentur
604 3893 649 3947 pro
677 3873 707 3926 P.
738 3871 824 3926 Nonio
906 3873 931 3929 3.
946 3873 1157 3934 CumMurcello
1170 3871 1377 3930 AEevraimee·

315 3938 454 4028 rl‘sprenete
468 3953 586 4010 veneficii
598 3972 658 4022 reo,
672 3964 697 4004 et
709 3971 754 4024 pro
768 3951 824 4008 Ur·
869 3960 930 4020 pole
946 3961 1002 4006 sub.
1020 3950 1058 4003 Ex
1074 3949 1141 4015 filie,
1155 3949 1208 4006 nisi
1224 3970 1266 4004 me
1281 3953 1377 4022 conju·

312 4031 395 4090 binite
404 4033 549 4090 heredibus
556 4033 621 4106 apud
631 4044 732 4086 centum
740 4031 823 4098 viros,
872 4042 928 4086 true
937 4028 1010 4085 fallit.
1024 4028 1135 4085 Videtur
1146 4027 1216 4084 enirn
1228 4028 1308 4086 luisse
1320 4029 1378 4084 fil'-

315 4113 481 4183 pervenitque
498 4113 531 4164 sd
547 4124 684 4165 extremum
702 4110 753 4162 scre
770 4108 823 4181 ejus
872 4109 910 4162 Μ.
924 4108 1024 4169 Claudii
1039 4106 1155 4168 Marcelli
1171 4107 1310 4162 AEsernird
1322 4126 1378 4164 son·

317 4187 553 4260 imperiumque
566 4189 595 4244 in
610 4187 669 4244 villa
679 4185 823 4242 Tusculana
872 4186 932 4242 solis
951 4207 1010 4242 cunr
1027 4185 1057 4242 b·
1076 4185 1201 4250 brantio,
1222 4205 1295 4244 enno
1315 4185 1377 4244 ὤ
