2876 4804
682 609 820 678 Anne.
843 579 1081 678 'sonorius

494 721 816 851 elmuino
862 754 1175 845 Lneronr
1225 754 1271 844 e.

587 943 625 979 Μ
636 942 779 992 AUCTORE,
792 941 829 978 ΕΤ
842 939 1026 977 oneremur
1040 938 1173 974 nutent.

815 1065 945 1082 a*—

555 1223 619 1296 (Ee
638 1221 753 1276 editione
770 1221 988 1296 Commelae'm'ann
1007 1237 1086 1273 anne.
1112 1217 1204 1288 1602.)

397 1358 552 1450 Magnum
569 1360 734 1450 ingenium
745 1357 790 1432 Μ,
803 1359 916 1424 Anum
928 1357 1062 1424 Srrrcn
1074 1359 1227 1440 rhetoris,
1246 1359 1434 1428 limatum·e

353 1487 419 1554 que
431 1465 605 1553 judicium3
623 1466 760 1530 maxime
773 1488 860 1543 ,vero
879 1463 1036 1530 excellens
1057 1467 1209 1539 memoria
1230 1465 1296 1529 fuit
1315 1489 1325 1531 :
1350 1492 1435 1556 quie

354 1594 395 1636 ex
410 1571 592 1638 Stoicorum
610 1572 780 1652 sententia,
796 1593 907 1642 rerum
930 1585 976 1638 est
992 1571 1239 1660 preteritarum,
1258 1591 1429 1663 compre·

353 1679 593 1765 hensarumque
601 1677 783 1766 perceptio:
794 1675 1079 1763 cujusexereendoe
1088 1679 1194 1768 gratia,
1202 1677 1430 1770 Pythagorei,

353 1782 432 1872 quid
456 1805 588 1871 quoque
611 1783 663 1847 die
685 1781 864 1866 audissent,
892 1781 1059 1864 vidissent,
1086 1783 1249 1873 legissent,
1282 1790 1427 1876 vesperi

352 1912 608 1955 commemorare
619 1889 765 1956 solebant
778 1913 786 1954 :
798 1914 863 1978 qua
873 1913 1004 1956 omnem
1015 1891 1176 1959 scientiam
1187 1892 1278 1957 Plato
1293 1893 1427 1982 (quam

352 1993 609 2061 recordationem
628 2018 696 2059 esse
711 1994 900 2078 deliniebat,
915 1995 1046 2080 tabulae,
1062 1997 1205 2087 corporis
1219 1997 1309 2062 mole
1331 2002 1427 2066 obli..

352 2117 478 2184 teretae,
494 2119 635 2166 mentem
650 2101 856 2192 comparans)
871 2103 1029 2168 contineri
1040 2103 1243 2168 existimabar
1257 2105 1340 2170 Haee
1354 2106 1427 2173 fida

257 2229 259 2234 ¹
352 2223 476 2290 custos,
488 2209 722 2297 thesaurusque
738 2232 847 2272 rerum
858 2209 1017 2292 omnium,
1026 2232 1127 2300 quum
1137 2209 1376 2298 philosophiae,
1391 2231 1426 2278 et

348 2312 624 2403 jurisprudentiae,
644 2317 736 2403 cujus
755 2315 887 2405 propria
907 2339 944 2381 ee
972 2337 1039 2380 esse
1058 2315 1217 2398 creditur,
1234 2331 1307 2381 tum
1331 2342 1427 2386 vero

352 2422 487 2485 maxime
499 2423 645 2488 oratoriae
662 2439 709 2487 est
723 2421 900 2489 necessarie
916 2445 924 2488 :
940 2421 1030 2512 quod
1045 2423 1197 2506 inventis,
1211 2425 1423 2512 excogitatis..

352 2549 417 2614 que
428 2529 540 2610 rebus,
556 2545 588 2592 et
603 2528 717 2593 ordine
732 2527 911 2610 collocatis,
924 2528 1030 2592 verbis
1048 2526 1189 2617 denique
1204 2529 1327 2611 electis,
1347 2555 1424 2596 om-

352 2633 420 2715 nia,
432 2634 525 2698 etiam
547 2635 713 2722 praeclara,
726 2635 794 2710 sine
811 2633 967 2700 memoria
980 2635 1043 2698 sint
1061 2633 1214 2723 peritura.
1233 2633 1314 2698 Eam
1329 2658 1422 2704 vero

352 2740 540 2804 memoriam
554 2739 650 2803 fuisse
661 2762 752 2804 suam
763 2739 884 2804 Seneca
901 2737 1068 2829 praedicet,
1085 2761 1155 2828 quae
1172 2763 1239 2804 non
1255 2738 1296 2804 ad
1313 2765 1421 2808 usum

352 2845 452 2910 modo
463 2843 644 2926 sufficeret,
669 2843 726 2909 sed
743 2845 777 2908 in
792 2845 984 2918 miraculum
999 2869 1102 2933 usque
1123 2845 1335 2934 procederet:
1351 2871 1421 2916 nec

351 2967 477 3016 tantum
493 2949 535 3014 ad
549 2947 808 3040 complectenda,
829 2975 900 3040 quae
921 2951 1032 3034 vellet,
1054 2952 1149 3017 velox
1172 2968 1268 3033 esset,
1289 2951 1351 3018 sed
1374 2955 1420 3020 ad

353 3055 668 3141 continendaetiam,
693 3080 764 3144 quae
780 3075 961 3147 acceperat,
981 3057 1137 3123 lidissime„
1154 3057 1314 3146 Equidem
1328 3057 1418 3126 dum

353 3163 493 3228 Annales
514 3178 639 3226 veteres
654 3163 784 3246 evolvo,
803 3165 879 3252 Cyri
894 3165 1082 3228 memoriam
1104 3188 1168 3252 qua
1183 3164 1319 3228 militum
1341 3190 1420 3232 ome

353 3269 443 3332 nium
461 3267 591 3333 nomina
609 3269 756 3352 tenebat,
780 3270 971 3334 celebratam
989 3269 1135 3353 memini,
1151 3271 1255 3334 Cineae
1273 3293 1416 3362 quoque

353 3375 471 3464 Pyrrhi
485 3375 569 3464 regis
584 3373 694 3464 legati,
718 3377 774 3463 qui
793 3375 823 3440 S.
845 3377 881 3440 P.
903 3377 943 3459 Q
966 3377 1005 3441 R.
1025 3378 1146 3464 absque
1165 3377 1415 3444 nomenclatore

352 3504 413 3546 suo
437 3503 599 3569 quemque
622 3483 752 3546 nomine
775 3482 975 3570 appellabat3
992 3481 1179 3565 Simonidis,
1203 3483 1258 3571 qui
1282 3484 1418 3570 primus.

353 3587 530 3669 memoriae,
547 3579 610 3675 que
625 3588 801 3675 plurimum
815 3589 956 3671 valebat,
969 3605 1071 3654 artem
1086 3590 1237 3677 protulit3
1259 3589 1411 3658 Themis·

262 3737 263 3740 =
354 3693 462 3774 toclis,
482 3694 536 3780 qui
551 3693 630 3758 nihil
645 3716 789 3781 unquam
806 3693 942 3777 audiuit,
956 3695 1045 3784 quod
1061 3717 1128 3767 non
1146 3696 1307 3760 memorie
1317 3700 1418 3785 peni,

355 3814 408 3863 tus
421 3797 571 3862 insederit
584 3824 593 3880 ς
606 3798 768 3864 Hortensii
785 3799 942 3888 denique,
959 3785 1015 3888 qui
1028 3823 1082 3884 ea,
1098 3824 1170 3888 quae
1190 3825 1298 3867 secum
1315 3825 1409 3869 com-

355 3919 515 3970 mentatus
530 3920 628 3986 esset,
642 3905 709 3969 sine
720 3906 854 3995 scripto,
870 3906 974 3992 verbis
986 3905 1098 3974 iisdem
1112 3906 1268 3972 reddebat
1279 3930 1286 3972 :
1298 3922 1407 3977 tamen

356 4009 445 4074 haud
456 4011 538 4092 ecio,
551 4035 589 4076 an
603 4015 790 4102 cujusquam
802 4029 865 4078 tam
878 4011 1035 4079 excellens
1045 4016 1214 4098 memorie,
1225 4037 1408 4104 quemcuut
