2874 4796
288 466 352 550 442
607 463 654 526 Μ.
680 457 825 526 ANNAEl
849 459 1028 527 SENECAE

286 616 360 675 me,
386 591 520 681 inquit,
545 587 602 655 sed
616 585 846 680 aparentibus
869 587 928 677 qui
943 586 1175 679 projecerunt.
1192 589 1259 654 llic
1271 611 1348 666 ‚cru-

285 706 371 774 delis
381 756 391 790 ,
409 721 446 772 ut
460 704 599 772 multum
615 702 683 769 illis
695 701 895 782 abstulerit,
913 703 1015 769 vitam
1030 701 1193 770 reddidit.
1210 705 1345 780 Contra,

284 826 332 892 ait
346 849 353 888 z
367 823 422 890 Illi
436 820 587 914 singulos
599 835 790 912 exponunt,
806 834 844 886 tu
857 842 972 886 omnes
986 818 1143 887 debilitas
1157 847 1163 884 :
1178 820 1229 886 illi
1244 845 1346 914 spem,

283 959 321 1007 tu
338 941 559 1006 instrumenta
583 934 719 1002 vivendi
746 933 910 1002 detrahis.
937 934 1092 1020 Deinde,
1115 937 1169 1004 An
1197 953 1352 1004 teneatur

284 1056 371 1147 reip.
389 1053 494 1135 laesae,
512 1054 539 1119 si
554 1052 634 1119 feeit
655 1051 746 1144 quod
769 1053 799 1118 ei
822 1051 933 1119 facere
949 1051 1042 1119 licet.
1058 1053 1133 1119 Non
1146 1054 1285 1145 potuit,
1302 1055 1350 1119 in-

284 1173 371 1264 quit,
387 1170 454 1239 ulla
468 1193 523 1238 res
535 1170 612 1262 lege
625 1167 792 1250 damnari,
810 1191 884 1260 qnae
896 1168 964 1259 legi
978 1170 1148 1236 innititur.
1164 1169 1200 1237 si
1215 1169 1350 1236 domum

284 1311 390 1355 meam
411 1285 563 1371 diruam,
586 1283 750 1377 numquid
768 1283 860 1352 dices
878 1307 931 1355 nse
943 1307 1053 1377 remp.
1071 1282 1192 1353 laederc
1204 1287 1221 1352 i
1233 1287 1276 1352 Et
1291 1309 1351 1378 po·

286 1419 373 1471 teras
398 1403 615 1485 describere,
644 1425 743 1494 quam
764 1401 985 1469 inhumanum
1012 1402 1077 1484 sit,
1102 1400 1180 1468 illos
1204 1402 1352 1494 parietes

284 1521 469 1615 majorum,
497 1523 533 1587 in
555 1536 702 1588 nostram
728 1541 837 1609 usque
864 1518 1047 1610 perductos
1069 1519 1289 1600 memoriam,
1317 1518 1351 1584 in

284 1635 439 1705 hostilem
466 1636 602 1704 modum
629 1634 745 1726 dejici.
766 1635 800 1702 Si
820 1635 856 1702 in
871 1634 963 1727 agris
982 1637 1063 1702 meis
1082 1633 1219 1703 arbusta
1237 1635 1352 1702 succi·

285 1752 366 1821 dere
389 1753 511 1832 velim,
538 1753 658 1819 dices:
682 1751 736 1818 An
759 1749 825 1818 boc
847 1749 984 1818 licuerit
1002 1751 1125 1819 iacere.
1145 1752 1278 1836 Licuit,
1299 1752 1353 1818 in·

285 1863 398 1958 quarn.
420 1867 590 1960 Expositi,
619 1867 755 1960 inquit,
783 1868 817 1933 in
845 1863 939 1933 nullo
969 1889 1110 1936 numero
1137 1881 1218 1934 sunt
1239 1866 1353 1934 :servi

286 1999 383 2069 sunt,
399 1983 466 2052 hoe
483 1983 595 2077 legum
613 1982 713 2052 latori
733 1983 841 2051 visum
859 1999 920 2050 est.
938 1985 1095 2077 Denique
1111 1984 1140 2051 si
1159 1983 1349 2067 nonlicet,

287 2099 414 2168 habent
439 2100 548 2192 legem
572 2098 748 2186 talionis'3
772 2123 874 2192 agere
899 2101 1024 2192 singuli
1046 2101 1249 2194 injuriarum
1272 2127 1353 2196 pos-

288 2231 376 2288 sunt.
393 2216 542 2309 Reipub.
563 2215 701 2308 quidem
721 2215 807 2284 laesae
832 2239 898 2283 non
923 2231 1034 2307 potest
1058 2219 1114 2310 agi
1143 2239 1263 2284 eorum
1291 2241 1354 2284 no-

288 2332 398 2415 mine,
419 2333 478 2424 qui
498 2347 588 2399 extra
607 2329 762 2424 rempub.
784 2348 874 2400 sunt.
891 2333 967 2399 Non
981 2345 1091 2424 potest
1111 2354 1174 2424 pro
1195 2331 1354 2400 omnibus

286 2450 363 2540 agi,
381 2473 445 2542 pro
464 2449 588 2542 quibus
609 2447 751 2541 singulis
768 2471 838 2515 non
856 2464 977 2541 potest.
995 2449 1091 2533 Seio,
1108 2447 1270 2541 quosdam
1287 2473 1354 2542 pu-

288 2578 360 2631 tare
385 2563 602 2656 questionem
620 2561 716 2646 esse,
737 2563 790 2630 An
807 2561 913 2654 possit
932 2587 950 2630 a
974 2562 1104 2655 privato
1121 2561 1262 2629 bomine
1277 2560 1354 2630 laedi

289 2678 439 2772 respubl.
465 2679 727 2748 Sransnu'certe
754 2679 800 2744 ita
824 2676 1012 2745 declamare
1037 2678 1187 2746 memini.
1206 2673 1354 2767 Quodsi

290 2799 466 2888 qnisquam
488 2795 625 2887 recipit,
649 2811 683 2860 et
701 2793 790 2860 illam
813 2793 954 2886 recipiet
973 2819 980 2859 ε
1002 2792 1055 2860 An
1075 2817 1095 2860 a
1115 2793 1257 2859 muliere
1273 2815 1357 2884 pos-

288 2910 351 2989 sit,
372 2931 416 2976 an
440 2933 459 2976 a
485 2932 586 2989 sene,
606 2931 650 2976 an
666 2933 685 2975 a
700 2929 851 3000 paupere
870 2907 997 2999 possit3
1019 2929 1162 2998 quortrm
1185 2905 1273 2972 nibil
1289 2931 1357 2973 nn-

289 3047 389 3114 quam
410 3025 586 3116 quaritur.
604 3022 669 3091 Sed
687 3021 755 3090 diei
774 3039 885 3089 tamen
909 3020 1011 3102 solet,
1038 3019 1229 3112 quomod03
1249 3045 1356 3112 quum

289 3140 346 3206 illa
361 3139 498 3232 quaestio
512 3153 687 3223 tractatur,
701 3138 755 3207 An
767 3137 904 3230 respub.
921 3134 995 3205 laesa
1010 3137 1072 3219 sit,
1089 3137 1212 3203 totiens
1225 3157 1305 3204 reus
1318 3137 1354 3204 in

288 3271 487 3352 argumenta
514 3281 583 3324 non
608 3254 694 3324 laesae
721 3251 917 3347 reipublice
937 3277 1004 3321 non
1028 3252 1136 3321 dieit²
1155 3281 1163 3319 ι
1180 3277 1224 3321 ne
1244 3255 1355 3347 potuit

289 3371 427 3465 quidem
450 3371 524 3440 laedi
539 3397 558 3440 a
572 3373 726 3466 privato,
742 3395 762 3438 a
777 3393 947 3464 paupere,
970 3369 1014 3438 ab
1028 3393 1134 3464 aegro,
1150 3369 1194 3436 ab
1209 3370 1352 3440 infante.

336 3488 466 3554 Garum
490 3487 571 3556 fecit
593 3486 683 3555 illam
709 3487 945 3582 quaestionem,
969 3485 1021 3554 An
1041 3487 1079 3553 in
1099 3487 1260 3579 expositis
1278 3486 1354 3556 laedi

324 3691 345 3726 ι.
363 3669 473 3724 Habent
491 3673 571 3740 legem
589 3675 704 3723 talionis.
718 3669 795 3724 Poena
845 3669 1355 3747 etcteterainterpuogunturlnalelege:

287 3750 439 3821 injuriarum
452 3749 507 3822 legs
524 3765 565 3802 xrr
579 3749 721 3802 tabularum
734 3767 796 3819 pro·
845 3751 890 3801 An
900 3769 919 3800 a
926 3769 1041 3818 paupert
1048 3754 1142 3817 possit.
1156 3750 1279 3822 Quorum
1289 3753 1356 3805 nitet

289 3843 341 3901 pter
361 3829 502 3882 membrum
531 3829 591 3880 talio
619 3842 678 3881 erat.
703 3827 797 3880 Confer
846 3845 963 3896 unquam
976 3831 1112 3895 queritur,
1134 3831 1183 3882 sed
1199 3839 1288 3882 nmen
1305 3833 1356 3884 dici

287 3907 424 3965 ,lastiniani
438 3906 519 3959 lnstit.
532 3906 576 3957 lib.
587 3907 632 3968 w,
642 3919 659 3958 t.
669 3906 694 3970 4,
707 3907 738 3958 de
750 3905 796 3956 in·
846 3909 918 3959 solet.
932 3907 1080 3978 Quomodo,
1094 3925 1176 3976 quum
1185 3911 1236 3961 tua
1248 3911 1355 3980 quoestrb

287 3986 373 4058 iuriis,
387 3987 402 4055 S
414 4005 436 4054 7.
447 3983 552 4035 Schult.
846 3995 986 4050 tractatur,
1012 4005 1049 4036 an
1062 3987 1208 4053 respublica
1223 3991 1291 4041 loeso
1308 3991 1353 4050 sir,

322 4083 345 4115 a.
358 4064 515 4131 Reipublicae
529 4081 579 4112 non
588 4061 658 4113 dr'cr't.
672 4059 797 4131 Negatio·
846 4067 918 4116 toties
936 4082 994 4115 reus
1011 4067 1038 4115 in
1053 4075 1210 4132 argramenta
1224 4083 1277 4118 aon
1287 4069 1356 4119 Ioesoe

288 4161 347 4192 nem
361 4161 408 4193 net
420 4142 539 4194 Erasmus
551 4159 598 4192 uec
609 4139 662 4192 Pal.
673 4141 799 4192 necVos-
847 4141 994 4210 reipublice
1008 4143 1090 4194 dicit:
1101 4160 1134 4193 nc
1149 4145 1237 4210 pomis
1251 4145 1355 4210 quidun

287 4218 374 4276 cianus
391 4232 538 4290 agnoscunt.
554 4219 585 4272 Et
596 4217 730 4273 recidatur.
747 4219 798 4271 Sed
848 4221 923 4282 toedt,
938 4231 984 4271 ete·
998 4217 1107 4272 Gmnoe.
