2876 4804
345 363 390 406 at)
665 333 802 400 tosio
829 293 974 397 uisro
999 331 1069 398 ao.

341 457 552 548 spondentes:
562 454 614 518 ille
629 473 707 518 vero
721 450 882 530 Sullanas,
895 449 1012 537 quibus
1020 451 1054 514 L.
1067 451 1254 516 Cornelium
1265 452 1406 532 Sullana,

341 585 378 634 ut
388 591 421 632 se
433 566 588 654 dictatura
604 559 768 644 abdicare,
781 583 818 624 ac
830 558 972 648 privatus
986 558 1202 649 degere„sine
1218 563 1407 650 tyrannidis

339 673 459 738 invidia
472 671 564 752 velit,
581 670 739 734 hortatur.
752 668 879 732 Tertius
891 664 1041 754 denique
1052 668 1085 731 in
1100 669 1283 758 Carpetania
1302 671 1402 736 ioan.

339 780 483 844 Petreius
497 777 688 862 Toletanus,
705 787 818 863 poeta,
832 789 864 836 et
878 772 991 838 rhetor
1002 773 1251 862 Complutensis,
1269 777 1404 864 quibas

337 889 419 976 ipsas
434 885 563 950 Senecae
578 865 831 946 declamationes¹
840 895 914 969 post
933 879 1028 944 Ferd.
1048 879 1235 946 Pincianum
1249 882 1400 970 interpo-

337 993 420 1058 lavit.
436 991 520 1056 Nam
535 1005 566 1053 et
577 987 737 1076 poeticam
748 983 847 1051 auieo
859 985 914 1048 illo
932 985 1047 1050 saeculo
1065 1002 1213 1050 tractasse
1234 987 1401 1076 Hispanos

335 1099 369 1162 in
393 1097 509 1185 vulgus
531 1110 663 1174 notum,
675 1116 779 1180 quum
799 1089 1024 1156 Cordubenses
1047 1107 1164 1180 poetae,
1177 1093 1401 1183 licet.p,ingue

339 1202 491 1292 quiddam
505 1217 537 1264 et
547 1221 688 1263 crassum
704 1213 869 1278 sonantes,
883 1196 1004 1286 grande
1018 1213 1125 1260 tamen
1137 1221 1265 1273 cannen
1277 1223 1399 1289 pange-

337 1312 424 1374 bant.
438 1310 477 1372 In
489 1307 587 1372 Gallia
599 1304 717 1370 deinde
728 1297 910 1368 Ausonium
921 1302 1089 1393 Burdigala
1101 1305 1229 1368 extulit:
1238 1305 1354 1370 extulit
1363 1323 1398 1369 et

336 1417 455 1480 multos
469 1413 593 1493 abillo,
608 1427 640 1475 et
653 1412 687 1475 B.
707 1411 907 1498 Hieronymo
925 1407 1069 1473 laudatos
1082 1409 1166 1474 bene
1182 1408 1308 1474 dicendi
1320 1435 1398 1498 pro-

338 1525 489 1603 fessores,
501 1536 539 1586 ut
553 1535 585 1583 et
596 1518 719 1604 reliqua
727 1515 827 1580 Galba
836 1514 1019 1603 complures
1030 1563 1039 1596 ,
1052 1515 1108 1602 qui
1120 1531 1192 1603 post
1206 1516 1240 1579 C.
1252 1515 1397 1582 Plinium

337 1627 539 1718 panegyricis
549 1624 739 1688 floruerunt.
753 1622 791 1684 In
801 1621 850 1684 his
865 1622 996 1684 Latinus
1008 1621 1141 1686 Pacatus
1158 1623 1341 1710 Drepanius
1362 1641 1395 1687 et

336 1735 504 1812 Nazarius,
514 1732 569 1818 qui
579 1745 610 1792 et
616 1729 686 1820 ipse
691 1726 883 1792 Eunomiam
895 1724 989 1790 filiam
996 1727 1079 1815 patri
1092 1728 1273 1815 eloquentia
1279 1753 1395 1819 parem

336 1841 459 1906 habuit.
472 1839 556 1902 Nam
568 1836 601 1899 L.
619 1834 741 1898 Plotius
752 1832 877 1915 Gallus,
886 1833 1037 1918 jaminde
1048 1857 1067 1898 a
1078 1835 1112 1900 L.
1124 1835 1226 1898 Crassi
1237 1839 1396 1925 tempori-

335 1947 407 2024 bus,
419 1943 516 2008 latine
528 1938 654 2005 dicendi
666 1939 776 2004 Romae
787 1954 981 2028 praeceptor:
993 1956 1043 2021 ut,
1051 1942 1199 2030 Augusto
1215 1963 1327 2004 rerum
1339 1966 1398 2030 po-

334 2053 410 2131 tito,
423 2048 580 2112 Votienus
591 2045 766 2110 Montanus
777 2045 1012 2128 Narbonensis,
1024 2061 1097 2134 post
1110 2070 1128 2111 a
1142 2047 1272 2114 Tiberio
1288 2048 1321 2112 in
1340 2051 1398 2113 Ba·

331 2157 435 2224 leores
440 2153 556 2220 insulas
563 2153 800 2241 relegatuszquo
808 2152 902 2216 etiam
908 2152 1085 2242 imperante
1090 2153 1268 2217 Domitium
1274 2155 1395 2218 Afrum

335 2259 699 2338 oratoremNemausus,
707 2273 739 2321 et
744 2256 894 2322 Clodium
900 2258 1098 2340 Quirinalem
1106 2259 1272 2324 rhetorem
1281 2261 1395 2324 Arelas

335 2349 417 2432 Urbi
425 2365 522 2431 dedit.
535 2364 682 2453 Caligulae
692 2364 828 2452 imperio
839 2365 937 2454 Trogi
945 2365 1088 2452 Pompeii
1099 2380 1189 2453 pater
1201 2365 1394 2430 eVocontiis

335 2474 459 2540 claruit
472 2471 612 2537 Neronis
632 2493 765 2557 quoque
784 2471 954 2558 tyrannide
966 2472 1001 2535 L.
1022 2471 1132 2534 Tatius
1153 2471 1217 2535 sive
1235 2471 1393 2554 Ursulus,

333 2583 398 2646 sive
412 2577 563 2644 Surculas
573 2575 729 2652 Tholosas
741 2577 935 2640 rhetoricam
949 2577 1059 2640 Romae
1070 2576 1197 2658 docuit,
1212 2576 1393 2666 eademque

332 2701 519 2776 tempestate
535 2684 638 2748 Julius
649 2683 765 2748 Florus
785 2699 919 2770 patruus
930 2683 1005 2747 Julii
1016 2683 1168 2764 secundi,
1190 2687 1276 2770 ejus,
1290 2707 1392 2772 quem

332 2791 512 2858 alacundia
524 2789 569 2854 M.
582 2789 699 2852 Fabius
710 2788 793 2850 mire
811 2789 970 2874 praedicat.
987 2789 1091 2875 Hujus
1111 2811 1243 2877 quoque
1261 2792 1392 2878 aequalis

330 2900 375 2964 M.
387 2901 476 2984 Aper
487 2909 608 2958 nature
619 2891 650 2956 vi
661 2907 758 2978 atque
767 2892 896 2980 ingenio
910 2894 1077 2959 excellens.
1090 2895 1160 2960 Nec
1171 2895 1296 2960 silentio
1307 2920 1393 2984 pras..

330 3001 480 3069 tereundi
489 2998 656 3087 Aquitani,
667 2998 811 3064 Paterius
823 3015 920 3086 atque
928 2999 1084 3065 Dellidius
1093 3003 1265 3068 acerrimus
1277 3021 1390 3070 orator

330 3139 347 3177 a
359 3109 546 3176 Marcellino
561 3105 725 3187 laudatus,
739 3107 881 3172 Alcimus
892 3108 924 3172 N
926 3108 1069 3189 itiobn'x,
1084 3109 1231 3174 Tiberius
1250 3111 1387 3192 Victor,

328 3219 549 3301 Aletheusque
569 3211 814 3300 Burdigalensis.
838 3214 945 3278 Taceo
965 3229 997 3277 et
1015 3238 1034 3278 a
1054 3214 1188 3280 Sidonio
1208 3217 1388 3304 Apollinari

327 3331 492 3390 Arvernos
503 3319 653 3406 aequales,
670 3317 837 3405 clarosque
850 3317 977 3384 dicendi
987 3337 1055 3385 arte
1069 3321 1274 3388 collaudatos.
1290 3326 1386 3390 Adeo

211 3483 214 3490 .
295 3469 296 3474 κ
327 3435 361 3496 in
374 3429 488 3494 exteris
500 3425 685 3514 regionibus
705 3447 821 3506 aure0,
840 3448 877 3489 ac
895 3442 970 3514 post
989 3427 1083 3492 etiam
1100 3429 1249 3516 sequiore
1265 3434 1386 3498 saeculo

328 3535 527 3624 eloquentia,
542 3531 616 3595 licet
630 3547 784 3619 corrupta
800 3533 947 3596 nonnihil
967 3534 1064 3598 aetatis
1080 3535 1172 3618 vitio,
1187 3537 1297 3626 viguit.

368 3643 432 3710 Sed
449 3641 489 3706 ad
509 3641 662 3704 Senecam
676 3655 824 3704 nostrum
840 3641 1050 3708 revertor:ad
1066 3665 1163 3730 quern
1176 3666 1278 3731 quum
1292 3644 1385 3710 fieret

327 3762 520 3828 concursus,
537 3771 573 3812 ac
592 3745 713 3810 Thesin
730 3748 926 3835 propositam
938 3748 1170 3814 declamitando
1180 3766 1250 3814 tum
1262 3750 1382 3831 Graeci,

327 3878 397 3924 tum
409 3854 511 3920 Latini
526 3867 705 3932 versarent,
719 3853 881 3936 omnium,
896 3869 933 3919 ut
947 3871 1014 3918 erat
1026 3854 1192 3919 excellenti
1208 3860 1381 3939 memoria,

325 3965 552 4055 sophistarum,
561 3961 617 4047 qui
627 3959 660 4021 in
673 3961 740 4044 ejus
750 3975 874 4027 aetatem
885 3958 1071 4042 inciderant,
1080 3959 1257 4026 dictavelut
1268 3963 1381 4055 inthe-

322 4095 418 4138 sauro
429 4064 590 4147 condidit,
600 4061 641 4131 ad
650 4081 861 4154 posterosque
869 4067 1045 4132 litterarum
1054 4069 1272 4134 monimentis
1283 4087 1391 4137 trans.
