2874 4768
261 415 491 484 nxcunrrt
514 415 673 482 cortun.
699 419 778 484 un.
804 421 855 502 x,
883 445 914 486 α.
1055 425 1118 514 607

66 605 1122 640 m

331 733 761 820 DECLAMATIO
796 733 857 821 ll.

211 937 275 989 vnt
301 937 427 988 rotrts
452 939 525 988 ttott
549 939 684 987 cnutus
714 939 821 988 rom
848 939 970 1018 rtrttn

122 1089 196 1148 Viro
212 1087 276 1148 sorti
293 1090 446 1170 premium.
464 1089 494 1148 Si
511 1089 604 1168 piures
621 1088 745 1162 suerint,
759 1088 867 1166 judicio
880 1091 1061 1152 contendant.

63 1219 148 1280 Pater
160 1217 279 1302 «τιμίω
286 1217 405 1298 sortiter
413 1215 555 1297 secernant.
577 1219 665 1279 Pater
674 1220 745 1298 petit
759 1216 868 1300 uſsit'o,
887 1230 918 1278 ut
930 1221 988 1280 sibi
1002 1223 1117 1282 cedent.

101 1319 155 1379 tlte
165 1318 389 1398 mtnt;judicio
401 1318 658 1390 eorumne-eicit
668 1322 877 1399 putrmspetit
886 1323 1002 1398 prumia
1013 1331 1121 1384 cunas

98 1421 198 1496 patr-1⁰,·
213 1419 369 1480 abdicauit.
390 1417 422 1479 C.
440 1417 479 1478 D.

108 1575 412 1645 DECLAMATIO.
439 1577 550 1668 Quem
573 1592 683 1669 optem
698 1575 820 1668 judicii
845 1577 947 1670 hujus
964 1598 1119 1649 eventum

65 1693 196 1774 nescio,
214 1717 317 1783 quum
332 1694 460 1759 crimen
472 1715 580 1759 meum
597 1694 660 1777 eit,
675 1695 809 1761 vicisse.
826 1693 1120 1786 Patriaejudicium

63 1798 187 1888 haben,
207 1805 312 1896 putris
328 1802 475 1897 perdidi.
489 1806 621 1872 Patrem
636 1806 672 1872 in
684 1805 757 1872 acie
769 1805 839 1873 vidi
847 1855 859 1892 ‚
875 1811 1023 1900 pugnavi
1042 1833 1117 1876 cum

64 1921 225 2012 exemplo.
254 1899 422 1988 Indicium
450 1935 610 2005 vocetur,
638 1944 706 2011 quo
732 1938 830 2014 puter
849 1937 883 1988 et
906 1923 997 1991 filius
1014 1925 1119 2016 cpolin

64 2035 274 2104 contulimus.
292 2037 385 2120 Vici,
404 2056 474 2102 nou
493 2035 583 2102 filius
600 2052 750 2126 patrem,
770 2037 829 2103 ced
841 2039 977 2128 juvenis
990 2062 1115 2110 cenem.

65 2151 131 2242 Ego
150 2153 235 2234 vici,
256 2151 316 2220 ced
332 2174 448 2219 omnen
466 2149 623 2243 gratulati
637 2165 715 2218 suut
728 2153 830 2243 patri.
845 2153 998 2244 Cogitavi
1016 2157 1118 2224 Hora·

66 2263 188 2331 tiumEt
195 2289 316 2333 ruccas
338 2266 427 2332 acies
448 2285 589 2355 corpore
605 2287 665 2330 nuo
682 2264 931 2331 submoventem
943 2294 957 2351 3·
972 2270 1117 2359 cogitavi

65 2380 222 2464 Decium,
247 2385 305 2473 qui
323 2405 386 2450 nec
407 2383 476 2473 ipse
494 2382 582 2470 patri
598 2382 709 2447 cessit.
728 2383 878 2472 Pugnavi
898 2405 965 2449 non
988 2401 1115 2466 tentum

28 2521 30 2528 ·
65 2495 274 2590 imperatori,
295 2495 471 2565 sedetiam
494 2495 597 2586 putri.
617 2493 745 2562 Avidus
764 2519 836 2562 eum
852 2495 986 2586 gloriae3
1006 2497 1071 2566 hoc
1087 2503 1116 2567 ei

64 2612 176 2681 vitium
193 2629 262 2691 est,
283 2628 459 2704 paternum
476 2623 538 2676 eet.
558 2607 688 2676 Pudeat
707 2623 815 2700 puter,
836 2610 863 2674 ei
882 2623 914 2676 te
927 2610 1010 2676 vicit
1026 2612 1134 2686 filiun.

64 2725 279 2798 abdicandus.
305 2731 377 2819 Ego
399 2727 570 2818 praemium
595 2723 703 2791 habeo
722 2751 729 2788 ε
745 2738 782 2789 tu
805 2743 839 2790 et
861 2727 1052 2816 praemium,
1081 2746 1115 2795 et

65 2841 168 2911 rimm
181 2845 316 2912 fortem.
332 2844 480 2910 Virtutes
493 2855 615 2908 noetrae
627 2839 760 2908 cilentio
771 2840 997 2932 praeterietent
1012 2843 1114 2913 :ittu-

64 2967 167 3027 ttmtae
193 2973 293 3040 tunt,
319 2956 399 3024 dum
418 2953 650 3023 conferuntur.
669 2953 910 3022 Iudicauerunt
935 2979 1003 3023 nou
1023 2957 1115 3048 quod

65 3089 148 3150 erut,
169 3075 230 3144 ced
246 3072 337 3166 quod
354 3087 388 3140 te
406 3071 505 3139 malie
527 3069 721 3138 credebant.
738 3073 856 3138 Honor
872 3068 916 3136 ad
932 3087 1112 3162 utrumque

65 3191 216 3274 pertenit
233 3214 240 3254 :
257 3187 343 3255 alter
358 3186 532 3279 praemium
548 3182 674 3266 habet,
690 3183 775 3250 ulter
790 3177 946 3275 percipit.

108 3351 218 3422 PARS
236 3354 426 3421 ALTERA.
447 3333 531 3419 Nold
548 3349 702 3416 habitare
719 3373 793 3416 cum
811 3348 1003 3418 adversario
1019 3375 1111 3440 meo;

65 3485 126 3534 nou
146 3471 237 3562 cupit
253 3469 343 3537 idem
361 3465 637 3547 contubernium,
661 3465 784 3532 victum
801 3480 835 3531 et
854 3467 963 3532 virum
979 3467 1111 3536 fortem.

65 3578 219 3668 Statuam,
235 3585 357 3676 inquit,
375 3583 435 3650 tibi
452 3583 568 3675 posui3
585 3582 685 3647 immo
702 3605 744 3646 ne
759 3604 888 3672 putrem
903 3605 1049 3674 unquam
1061 3607 1113 3650 me

66 3693 183 3770 victum
199 3701 371 3786 oblivisci,
389 3699 607 3791 ignominiam
622 3719 725 3762 meam
741 3697 776 3762 in
787 3719 830 3762 aee
844 3687 1020 3789 incidisti.¹

452 3985 729 4014 *aneu-
