2894 4784
355 378 663 450 sussonrsauu
685 383 837 466 usna,
865 408 896 450 α.
1097 384 1163 470 ers

133 507 254 580 sedus
264 523 420 576 revertar
429 506 474 576 ad
485 505 671 576 Leonidam
687 523 721 578 et
733 511 918 592 trecentos,
932 509 1164 604 pulcherrima

76 621 147 690 illa
161 622 273 691 fertur
284 624 453 691 Gsroorus
470 620 638 690 sententia
649 633 671 687 ¹.

135 740 180 807 In
199 737 266 808 bao
285 740 360 830 ipsa
378 738 529 807 suasoria
549 761 619 807 nou
640 761 722 806 sane
747 739 863 808 refero
881 741 1041 810 memoria
1057 740 1162 810 ullam

79 834 291 924 sententiam
300 853 410 924 Graeci
424 852 624 945 cujusquam
641 854 706 922 nisi
720 854 827 925 Dure
843 857 923 928 z'l'(²
940 853 982 930 ob
995 856 1115 955 pedatae
1127 855 1172 941 εἷς

79 968 200 1053 thetid
212 971 302 1068 τείχη
318 999 327 1058 3
391 979 392 986 '

133 1090 188 1156 De
206 1087 374 1182 positione
389 1085 454 1156 loci
468 1086 646 1176 eleganter
658 1085 743 1154 dixit
760 1089 944 1174 Haesura,
967 1115 1074 1184 quum
1098 1113 1164 1159 an·

81 1204 218 1297 gustias
242 1203 309 1272 loci
336 1200 576 1271 facundissime
598 1201 849 1296 descripsisset,
873 1207 980 1276 Natus
1001 1208 1163 1276 trecentis

81 1321 197 1390 loous.

138 1437 298 1524 Currus,
325 1457 430 1527 quum
455 1417 686 1528 descripsisset
707 1435 880 1519 honores,
905 1460 990 1530 quos
1012 1436 1164 1507 babituri

83 1566 223 1634 essent,
241 1553 270 1621 si
284 1575 347 1646 pro
372 1553 482 1645 patria
502 1549 730 1639 cecidissent,
750 1550 894 1644 adiecit,
918 1557 986 1624 Per
1010 1554 1165 1650 sepulcra

84 1682 204 1736 nostra
215 1659 227 1701 ³
239 1665 429 1760 jurabitur.

137 1785 278 1852 Nrcssss
293 1782 395 1875 longe
408 1781 570 1851 disertius
583 1781 672 1850 banc
684 1781 895 1874 phantasiam
910 1785 1034 1866 morit,
1051 1798 1089 1852 et
1101 1782 1162 1854 sd-

81 1899 171 1993 jecit
188 1900 286 1968 :Nisi
307 1899 481 1992 antiquior
504 1897 623 1967 suisset
644 1899 775 1968 Xerxes
797 1924 897 1992 quam
917 1901 1164 1972 Demosthenes

86 2006 243 2106 Ciptoy⁴,
258 2012 315 2080 oui
331 2012 447 2082 dicere
460 2009 551 2080 hanc
562 2035 656 2080 suern
669 2009 755 2080 dixit
767 2015 981 2098 sententiam,
998 2032 1057 2084 aut
1069 2029 1162 2086 certe
1192 2011 1194 2015 ’

86 2153 161 2200 non
187 2127 452 2224 deprehensam,
484 2152 589 2224 quum
619 2128 855 2223 descripsisset
874 2132 1162 2226 opportunitatem

86 2244 176 2327 loci,
196 2260 231 2314 et
248 2257 320 2313 tuta
335 2244 490 2337 undique
505 2244 732 2338 pugnantium
752 2242 877 2329 latera,
898 2261 932 2314 et
949 2248 1122 2340 angststias
1140 2269 1161 2314 a

87 2375 187 2454 tergo
204 2361 347 2454 positas,
366 2359 426 2429 sed
443 2358 603 2428 adversas
623 2358 790 2428 hostibus.

136 2479 298 2548 Portitor
324 2500 466 2568 mugnus
486 2471 714 2545 declamator⁵
736 2475 802 2545 fuit
820 2476 1013 2569 Mytilenis,
1028 2481 1088 2573 qui
1101 2503 1159 2550 eo-

85 2589 166 2659 dem
190 2606 341 2682 tempore
364 2590 492 2684 viguit,
519 2612 588 2681 quo
608 2592 787 2657 Lnssocsss
810 2592 925 2686 magni
952 2593 1099 2662 nominis
1124 2610 1161 2663 et

84 2708 216 2780 nomini
228 2706 468 2799 respondentis.
477 2705 608 2800 ingenii
621 2728 630 2771 ε
642 2705 679 2772 iu
693 2703 818 2798 quibus
831 2721 956 2797 quanta
969 2705 1073 2776 suerit
1085 2711 1160 2778 ani·

87 2846 219 2892 morum
236 2821 415 2892 diversitas
437 2822 473 2890 in
494 2820 597 2890 simili
617 2817 775 2903 fortuna,
792 2836 875 2914 puto
888 2820 986 2890 vobis
1002 2821 1160 2894 indican-

86 2938 168 3011 dum
185 2965 194 3008 z
211 2939 455 3032 multomagis,
477 2939 558 3031 quia
579 2936 624 3008 ad
642 2939 743 3008 vitam
766 2937 936 3031 pertinet,
955 2963 1055 3032 quam
1070 2941 1099 3008 si
1113 2939 1158 3012 sd
1229 2965 1231 2969 ·

85 3077 209 3183 phoreos,¹
223 3109 258 3162 ite
269 3109 346 3166 etiam
358 3107 402 3165 ille
416 3106 502 3178 aliquo
513 3106 597 3159 libro·
646 3107 742 3158 Verum
755 3103 804 3158 boc
821 3105 951 3158 oraculum
965 3119 1016 3160 est:
1030 3127 1091 3161 nem
1102 3109 1157 3162 De·
1244 3139 1251 3152 »

87 3207 145 3242 rum
157 3187 223 3248 belii
231 3187 322 3244 Siculi
332 3186 539 3241 NembSenses
551 3185 598 3238 bos
645 3181 787 3238 mortbenir
805 3194 856 3247 est,
872 3195 902 3234 ut
919 3181 1050 3244 neminem
1068 3184 1154 3256 fugit,

86 3282 141 3323 tres
155 3267 244 3331 AEtues
256 3268 393 3340 scriptores¹
406 3265 549 3340 conjungit.
562 3264 598 3316 Ν.
647 3258 721 3320 illud,
739 3260 910 3332 juramentum
923 3279 930 3314 ι
941 3263 979 3330 ph
989 3261 1043 3323 sobe
1058 3263 1082 3313 is
1097 3269 1157 3316 Μα-

89 3348 182 3400 Fober.
646 3342 743 3410 ραθὸιι.

122 3443 144 3478 r.
160 3421 341 3480 Pulcherrima
359 3422 506 3493 illuserint
526 3419 598 3490 Gly-
680 3419 705 3485 4,
719 3417 906 3472 Demosthenes
926 3419 1025 3489 Ce'ptoy.
1037 3417 1155 3482 Vocabu-

85 3505 155 3557 eonr's
165 3505 300 3555 sententio.
315 3499 432 3554 ortensis
447 3518 504 3566 me,
526 3497 596 3570 qnod
645 3497 698 3550 lum
706 3496 825 3556 Graecum
834 3492 1156 3570 htiuielittsrisrcriptum

86 3581 137 3635 hoc
150 3580 207 3638 laco
226 3579 338 3650 Glyconi
349 3578 455 3643 tribuit,
470 3577 540 3648 quod
557 3577 596 3630 di-
645 3581 749 3640 tjmoa„
769 3574 802 3627 ed
816 3573 986 3627 differentiam
999 3573 1157 3628 Demosthe-

87 3669 150 3712 sorts
175 3676 250 3730 supra
268 3655 392 3710 Dorionis
409 3674 461 3707 esse
482 3664 593 3716 testetur.
643 3652 693 3717 nis,
707 3651 986 3720 hapseds'seveAEteniro
998 3651 1159 3714 adsemicir-

87 3736 121 3790 Et
129 3737 208 3788 fateor
217 3735 244 3788 in
254 3753 308 3788 earn
322 3752 362 3786 ms
375 3732 530 3807 propendere
539 3750 595 3782 sen·
645 3729 697 3794 auli
707 3730 815 3782 sormam
823 3729 963 3783 delineare
973 3738 1071 3783 veteres
1083 3727 1157 3782 litte-

87 3811 208 3880 tsntiam‚
224 3811 262 3864 nti
279 3811 418 3864 existimem
431 3851 438 3874 ,
450 3810 596 3872 alterutrum
645 3830 700 3874 raro
713 3808 794 3884 sigma
807 3809 873 3862 nulli
884 3808 991 3862 dubium
1004 3820 1050 3862 est.
1061 3807 1097 3860 N·
1109 3807 1145 3870 F,

86 3892 171 3948 laeum
184 3898 329 3962 corruptum
342 3909 404 3942 esse.
416 3887 514 3940 Schult.
680 3891 703 3942 5.
716 3889 848 3941 Potamon
861 3907 975 3956 maguus
987 3889 1157 3944 declamator.

122 3989 144 4023 α.
156 3969 188 4030 Τί
200 3969 255 4030 ab..
267 3970 355 4038 τιίχης
368 3965 452 4020 Vertit
462 3965 594 4019 Schottus:
642 3965 728 4038 Hujus
749 3963 867 4018 meminit
890 3978 980 4038 praeter
1003 3962 1155 4024 Strabonem

88 4070 103 4100 e
111 4047 180 4118 Quid
193 4057 221 4099 tu
234 4045 301 4119 fugis
312 4045 436 4098 intendes
448 4041 552 4097 muros?
564 4067 577 4092 n
643 4043 688 4099 lib.
701 4043 783 4106 xllt,
804 4043 932 4096 Lucienus
950 4043 979 4095 in
998 4040 1154 4122 hungarie,

119 4123 143 4178 ³.
153 4123 209 4179 Per
223 4127 342 4192 seprslcm
353 4134 443 4178 nostra
456 4123 596 4190 jurabitur.
645 4141 723 4196 quem
736 4121 869 4183 οὒιᾶδοξον
878 4121 967 4192 ῥήτορα
976 4128 1064 4186 voest,
1074 4137 1158 4173 uoue-
