2866 4814
333 423 395 510 tis
650 422 698 488 M.
722 419 872 513 Attum.
889 419 1067 491 SENECAE

330 571 473 620 raunutn
498 547 606 616 lilium
630 545 828 631 habuisset,
859 551 919 640 qni
945 547 1168 618 desiderasset
1203 553 1382 638 amiseum,

332 664 423 760 quod
437 687 506 734 non
519 661 722 731 vindicasset
732 666 758 728 ¹.
777 660 845 732 Sed
858 663 997 755 negavit
1011 663 1115 732 ullam
1138 664 1241 734 aliam
1256 690 1384 738 causan

330 783 389 854 illi
400 803 473 850 eeee
489 776 714 872 persequendi
733 778 999 870 tyrannicidam,
1021 779 1088 847 nisi
1105 779 1300 852 libertatem
1319 807 1385 876 pu-

303 973 304 977 ,
329 897 470 968 blicam:
482 909 516 963 et
529 891 707 987 descripsit
715 916 825 962 mores
833 891 979 962 bominis
993 894 1091 988 impii
1099 943 1110 982 ,
1126 901 1282 966 eruenti²
1292 900 1381 991 equi,

331 1016 411 1108 quia
419 1035 483 1106 per
492 1010 694 1078 liberoenon
703 1024 836 1102 poseat,
850 1032 915 1102 per
928 1011 1055 1102 piratas
1066 1011 1284 1103 tyrannidem
1296 1038 1385 1084 exer·

330 1143 423 1199 eeret
438 1153 447 1194 ε
463 1147 539 1218 quae
553 1140 592 1194 nt
604 1125 743 1194 liberius
755 1124 897 1212 diceret,
916 1141 1095 1218 pauomm
1110 1127 1182 1196 lilio
1200 1127 1297 1198 dedit
1307 1123 1333 1197 ⁵.
1346 1131 1384 1198 Et

332 1241 416 1312 illud
428 1243 464 1310 in
471 1241 537 1310 bae
552 1257 648 1334 parte
665 1240 836 1310 laudatum
851 1255 902 1310 est
917 1263 938 1308 a
951 1241 1065 1310 Silone
1081 1239 1305 1313 declamante.
1319 1244 1384 1313 (ἴω

330 1373 427 1454 perat
441 1356 508 1428 boo
523 1370 685 1443 tructare,
702 1381 771 1427 non
785 1355 912 1426 debere
924 1355 970 1424 ali
988 1359 1124 1450 tyranni
1140 1374 1294 1452 patrem,
1312 1382 1382 1427 om·

329 1471 429 1542 nibus
443 1470 653 1555 faventibus,
669 1470 764 1538 illum
785 1471 873 1539 lame
889 1469 1079 1538 necandum
1102 1484 1181 1556 zet,
1203 1495 1309 1563 quum
1328 1470 1381 1540 dia

330 1589 524 1682 pressisset,
543 1586 638 1654 illum
652 1587 786 1677 tyranni
800 1605 930 1679 patrem
945 1608 1041 1672 esse,
1055 1585 1203 1679 adjecit:
1218 1586 1316 1656 Ande
1326 1608 1380 1680 pc·

331 1701 455 1774 stulare
472 1702 610 1771 utillud
630 1701 693 1770 tibi
709 1703 833 1795 prosit,
853 1701 945 1796 quod
960 1693 1181 1795 tyrannicidae
1193 1719 1291 1797 pater
1307 1727 1352 1772 ee.

378 1824 527 1890 Bnannns
534 1817 628 1888 bane
636 1843 781 1902 sensum,
796 1843 899 1912 quum
908 1835 1043 1914 postero
1054 1818 1111 1887 die
1122 1819 1336 1902 declamaret,
1348 1821 1379 1886 in

332 1935 476 2005 ironiam
486 1933 587 2000 vertit
601 1959 608 2000 ε
622 1947 657 2001 et
666 1956 770 2024 quum
781 1931 970 2025 objecisset,
984 1929 1076 2024 quod
1085 1935 1221 2024 tyranni
1232 1949 1326 2027 pater
1335 1953 1379 1998 cs·

259 2121 265 2136 ,
332 2067 383 2120 set
391 2099 403 2138 ,
418 2048 543 2142 adjecit
559 2048 695 2117 :Nolite
710 2048 807 2117 illum
819 2049 989 2137 aversari3
1003 2047 1107 2116 habet
1116 2047 1376 2142 quodoppona13

332 2182 366 2235 et
383 2163 527 2235 adulteri
545 2178 642 2258 pater
660 2157 750 2234 est⁴.

379 2329 543 2400 COLOR.
562 2329 718 2418 Colorem
736 2354 799 2424 pro
818 2347 913 2426 patre
926 2329 1014 2400 alius
1027 2331 1131 2400 alium
1148 2329 1341 2401 introduxit.

377 2449 498 2516 Fuscos
516 2451 639 2517 iratum
650 2472 686 2517 se
699 2447 749 2516 illi
763 2449 933 2518 consessus
941 2464 992 2518 est
1005 2449 1125 2532 fuisse,
1143 2450 1235 2542 quod
1252 2450 1375 2517 fratrem

332 2565 368 2631 in
383 2579 565 2659 conspectu
581 2564 686 2660 patrie
710 2561 910 2634 occidisset:
929 2580 963 2632 et
984 2563 1066 2632 bnio
1080 2565 1155 2634 loeo
1171 2563 1378 2634 vehementer

330 2677 472 2764 institit,
485 2702 589 2774 quum
606 2699 706 2745 nemo
718 2676 785 2745 hoc
801 2690 984 2769 tyrannus,
1000 2677 1221 2771 nemo'pirata
1241 2677 1373 2747 fecisset·

330 2793 457 2874 Iratus,
472 2793 600 2886 inquit,
616 2790 661 2861 ob
670 2790 737 2859 hoe
747 2792 858 2886 ipsum
874 2792 945 2876 fui,
966 2792 1133 2885 quodhoe
1145 2794 1273 2863 scelere
1288 2793 1375 2859 etiem

330 2904 594 2998 tyrannicidium
611 2908 866 2998 inquinaveras3
883 2925 1041 3002 apparet,
1061 2923 1096 2976 te
1112 2908 1232 2977 morbo
1245 2903 1376 3006 quodem

331 3022 491 3092 adversus
507 3038 581 3090 tuce
599 3022 713 3128 surore
728 3049 736 3089 ι
753 3035 787 3091 et
799 3026 944 3093 serravit
954 3024 1047 3093 hunc
1065 3025 1208 3093 actionis
1222 3041 1373 3094 tenoren-

367 3249 389 3282 t·
413 3229 470 3301 Qui
493 3230 667 3283 desiderasset
683 3231 835 3292 emissum,
866 3257 870 3266 ·
885 3229 942 3281 liter
959 3230 1077 3297 debetur,
1090 3230 1118 3284 ia
1129 3241 1225 3306 petrem
1241 3241 1374 3304 egents·-

333 3310 465 3379 qnodnon
475 3311 637 3363 vindicasset.
652 3311 686 3362 At
698 3307 761 3362 vitio
773 3308 837 3362 resti
884 3320 958 3362 bono
977 3309 1032 3382 plne
1048 3311 1122 3378 licet;
1140 3309 1210 3383 qaod
1227 3310 1375 3364 caunum

332 3385 397 3459 patri
407 3406 459 3440 non
471 3398 564 3459 potest,
576 3387 598 3440 ei
608 3406 661 3440 non
672 3386 837 3441 vindicaverit
885 3388 1019 3460 prudentes
1037 3389 1212 3442 declamatores
1228 3389 1255 3441 ia
1272 3377 1375 3438 omnibu·

332 3463 415 3517 lilium
422 3465 774 3536 tyrannamQuarelegoqui
779 3469 837 3520 cim
885 3467 918 3519 iis
928 3466 1039 3540 personis
1047 3485 1116 3537 quet,
1128 3478 1225 3522 natare
1235 3465 1277 3520 vel
1287 3455 1374 3516 bentfi·

335 3541 459 3606 dt'edsselt
473 3561 534 3594 nam
548 3543 677 3614 sequitur,
696 3553 722 3596 et
737 3545 839 3613 negavit
885 3543 973 3598 centies
984 3545 1086 3598 rinsnlc
1098 3544 1164 3598 inter
1173 3565 1201 3598 se
1210 3544 1331 3616 obligare,
1342 3533 1375 3588 fl'

334 3622 419 3672 tellam
431 3621 516 3673 ale'am
528 3640 646 3682 causam,
660 3632 706 3673 etc·
720 3623 756 3675 Ν.
767 3621 836 3675 Fat.
884 3621 944 3674 lere
963 3640 1037 3694 egere
1056 3641 1108 3674 non
1129 3633 1241 3692 possunt.
1261 3619 1302 3672 ste
1318 3611 1374 3668 init²

368 3715 392 3748 2.
405 3695 498 3764 Impis',
509 3700 614 3770 ementi.
622 3697 837 3769 Controv.9:eSi
883 3699 931 3751 bae
943 3697 997 3772 ipsa
1014 3699 1197 3752 declamatione
1208 3695 1321 3750 Albutius
1332 3707 1374 3762 pt·

336 3791 422 3826 omnes
443 3774 506 3828 meli
524 3787 600 3842 sunt,
619 3775 680 3845 quid
702 3774 748 3828 isto
768 3787 837 3848 patre
884 3778 918 3829 tri
938 3789 1071 3850 patrem
1089 3777 1175 3843 dedit,
1194 3789 1222 3830 ut
1239 3765 1372 3829 tiberinis

335 3850 467 3906 miserius?
479 3851 500 3905 ei
511 3851 586 3917 boni,
599 3852 661 3923 quid
672 3851 837 3906 cruenti-nt»
886 3854 967 3910 lilium
981 3867 1073 3930 egeret.
1085 3856 1120 3908 Ν.
1130 3855 1227 3911 Faber.

238 3975 241 3981 r
338 3932 406 4000 Quis
416 3943 463 3983 tres
474 3930 632 3987 abdicaverat
641 3928 714 3983 filios.
725 3927 823 3984 Seleu.
918 3932 943 3998 4.
954 3931 993 3985 Ee
1010 3935 1126 3987 adulteri
1138 3945 1215 4003 pater
1230 3943 1274 3988 est.
1291 3927 1322 3981 El
1336 3936 1372 3996 1¹⁰

370 4009 395 4061 3;
410 4007 447 4062 Ut
461 4009 566 4062 liberius
581 4009 682 4070 diceret,
698 4017 839 4077 petrensem
886 4009 999 4065 adultero
1023 4013 1098 4067 etiam
1124 4030 1212 4090 repere
1235 4009 1311 4069 solet,
1329 4011 1371 4050 ¹⁰³

327 4088 393 4154 filio
407 4089 486 4142 dedit
501 4087 598 4141 Filiam
614 4087 684 4142 enim
696 4107 750 4142 nen
768 4087 839 4144 decet
886 4099 986 4142 tentam
1003 4090 1092 4144 nleisei
1107 4089 1155 4143 lilii
1170 4085 1269 4159 tyranni
1284 4076 1371 4136 ceden-

221 4203 227 4222 ,
335 4162 839 4238 aitieervstsreverentia,quenetnre-
886 4165 986 4222 Selult.
