2874 4808
248 459 682 528 CONTROVERSIARUM
705 461 785 526 LlB.
812 462 864 544 V,
891 461 944 525 da.
1061 461 1126 542 433

54 589 184 656 uilium.
205 588 243 656 Si
263 604 338 680 port
350 585 417 654 hoc
430 585 569 654 verbum
584 585 698 680 puella
712 587 849 656 vixisset
855 635 866 670 ,
883 585 1049 677 numquid
1061 610 1129 679 pa·-

56 719 141 773 trem
164 702 343 770 dementiae
362 703 523 771 damnare
538 725 652 796 ponaer
663 703 678 769 P
690 703 785 794 atqui
800 702 867 770 hoc
883 702 1028 772 verbosi
1044 700 1129 794 quid

56 820 272 898 factumest,
295 842 363 886 non
383 835 535 910 epatre,
554 818 614 887 aed
637 841 657 886 a
678 819 790 913 puella
816 819 939 888 lactum
963 834 1025 886 eat.
1055 821 1134 886 Nori

56 951 196 1029 oportet
216 951 329 1002 autem
347 934 438 1002 illius
457 935 699 1018 temeritatem,
719 933 920 1004 dementiam
940 930 1050 1002 uideri
1069 959 1132 1027 pa-

57 1055 134 1121 tria.
162 1054 241 1120 Poat
265 1050 355 1118 hanc
379 1051 596 1142 quaettionem
622 1049 768 1118 faciebat
790 1049 902 1132 illam,
922 1051 976 1120 An
990 1050 1042 1118 nb
1064 1049 1130 1118 huc

56 1165 217 1258 perierit.

110 1276 276 1346 QOLOR.
304 1273 406 1344 Color
431 1300 450 1342 a
475 1292 572 1368 parte
595 1278 797 1344 accusatoria
821 1275 961 1368 simplex
986 1291 1038 1344 eat
1057 1303 1065 1342 ι
1085 1277 1134 1344 ait

59 1409 194 1488 petrem
210 1390 332 1458 durum
349 1391 465 1477 furiare,
481 1391 668 1479 crudelem,
682 1392 773 1460 bono
786 1392 923 1486 publico
936 1415 1013 1460 enm
1028 1391 1132 1460 luiaae

60 1513 266 1606 periturum.
284 1510 377 1593 Dixit
389 1508 488 1592 dure,
506 1511 637 1600 inquit,
653 1532 695 1610 eo
709 1509 821 1590 vultu,
840 1533 880 1576 ea
892 1509 1132 1596 affirmatione,

60 1643 100 1694 nt
112 1624 291 1693 videretur
306 1647 372 1692 non
382 1623 506 1716 jubere
520 1627 671 1704 tantuin,
687 1623 747 1692 aed
761 1625 930 1694 occidere.

110 1746 186 1810 Hoc
212 1741 284 1809 loeo
309 1739 395 1806 dixit
418 1743 587 1807 Turrinus
610 1741 752 1808 Cronius
769 1766 777 1807 ι
794 1743 867 1809 Hoc
888 1755 964 1834 pout
979 1740 1133 1825 bellum,

60 1863 166 1927 immo
193 1872 269 1948 poet
292 1855 453 1922 edictum.
469 1857 523 1922 ,Et
545 1841 670 1946 adjecit
693 1882 701 1922 ε
727 1858 827 1926 Nunc
853 1857 1015 1948 intelligit
1039 1881 1132 1952 resp.

64 1977 265 2066 imperator,
284 1984 446 2060 quantum
466 1969 527 2037 tibi
543 1969 678 2053 debeat,
695 1971 751 2037 cui
763 1970 837 2037 aine
854 1972 1020 2064 sanguine
1037 1972 1137 2042 aetia-

65 2089 190 2156 laetum
221 2102 284 2154 eat.
311 2087 438 2153 Omnes
461 2087 550 2153 enim
574 2085 756 2168 dixerunt,
780 2101 877 2179 patre
893 2085 1030 2155 uolente
1046 2085 1139 2158 illam

65 2207 235 2298 nupsisse.

112 2322 245 2389 Gamo
261 2318 347 2386 dixit
363 2345 372 2385 :
389 2317 547 2385 Nondum
556 2317 645 2386 -mihi
659 2317 838 2388 videbatur
852 2320 957 2404 scire,
973 2321 1057 2412 quid
1071 2345 1140 2390 me·
1218 2325 1223 2334 “

66 2439 207 2521 ruisset,
223 2434 312 2502 volui
327 2433 419 2500 illam
433 2431 624 2526 intelligere
638 2434 767 2502 crimen
779 2457 890 2503 enum.

112 2553 253 2621 Cnsrrua
272 2549 427 2618 hocloco
445 2575 452 2614 ε
469 2551 734 2630 Contumaciter,
760 2552 891 2641 inquit,
916 2552 1069 2642 rogavit,
1089 2552 1139 2618 uic

66 2665 237 2758 quomode
261 2679 296 2732 et
320 2665 425 2758 periit
441 2690 450 2732 z
467 2685 535 2732 non
547 2663 645 2732 vultu
658 2662 821 2748 demisso,
848 2687 916 2730 non
930 2665 1138 2731 tummieaio·

67 2783 162 2851 ribus
176 2781 303 2864 verbis,
318 2779 471 2850 nondum
484 2797 645 2877 tauquam
657 2781 747 2849 victa
766 2808 774 2848 :
791 2780 880 2848 nihil
895 2780 1019 2874 agnovi
1032 2779 1110 2848 filiae
1123 2813 1144 2866 ,·

65 2899 155 2967 nihil
167 2900 278 2967 victoe.
293 2899 444 2967 Primum
457 2921 563 2988 quare
573 2896 617 2966 ad
630 2921 684 2965 me
695 2921 763 2966 non
778 2897 915 2966 fratrem
925 2919 1022 2966 tuum
1032 2897 1140 2966 misit?

64 3039 108 3085 an
129 3017 234 3083 etiam
253 3014 349 3082 fratri
362 3015 548 3082 irascitur?

114 3135 355 3203 Anemurium.
373 3135 442 3201 Noa
454 3130 561 3201 duces
572 3134 781 3200 exoravimus
791 3136 816 3213 ¹,
833 3157 975 3224 quorum
988 3133 1089 3202 liberi
1104 3135 1140 3202 in

67 3250 214 3320 diversis
227 3249 380 3344 partibus
395 3249 549 3335 fuerant,
566 3249 712 3316 diximus
729 3249 892 3342 :Ignosce
904 3248 1003 3319 nobie
1015 3252 1141 3320 severia

67 3391 163 3448 erae,
189 3367 218 3432 si
241 3365 378 3434 licuerit
399 3389 472 3434 ecee
490 3365 631 3432 aecuria.
647 3364 743 3458 Quid
756 3366 916 3457 peccavi,
933 3365 1025 3457 quod
1035 3366 1141 3435 filiam
1256 3415 1259 3424 ·

67 3507 105 3552 ex
123 3482 273 3550 hostium
292 3483 410 3550 castris
428 3483 618 3550 venientem
644 3503 713 3548 nou
734 3482 847 3573 primo
869 3481 975 3549 verbo
1000 3485 1143 3577 recepi?

1 3681 2 3684 Ἴ
115 3600 283 3664 Tuxnmna
302 3597 511 3665 Cronmseit
529 3592 652 3663 :Volui
677 3593 821 3662 fratrem·
840 3596 947 3662 aorori
972 3595 1055 3664 dare
1078 3596 1141 3664 be-

103 3780 125 3812 ι.
145 3758 203 3810 Nos
219 3760 295 3812 duces
309 3760 486 3810 exoravimus.
498 3756 583 3807 Duces
632 3754 833 3826 Verlttpxtrnm,
845 3775 955 3825 quornm
966 3757 1039 3810 liberi
1050 3758 1077 3810 in
1086 3777 1144 3830 par-

70 3855 163 3910 nempe
179 3844 323 3890 nostrarum
342 3834 448 3905 partium
467 3832 584 3886 exoravi·
632 3833 698 3886 tibur
711 3848 783 3887 erant
793 3835 898 3910 diversis
910 3855 939 3888 ex
952 3855 1009 3888 mea
1022 3835 1144 3889 ernenda-

1 3937 2 3941 ’
69 3936 142 3978 mne,
161 3934 196 3968 ne
213 3913 310 3966 duriter
328 3910 488 3990 consulerent
501 3911 529 3963 in
542 3905 585 3963 ta?
633 3910 702 3964 tione
721 3912 972 3982 luerintzlgnescite
990 3914 1081 3977 nabin
1098 3915 1143 3985 qui

71 4007 135 4067 μοι.
150 3994 190 4056 lta,
198 3992 269 4045 enim
279 3992 407 4054 futurum,
422 4003 451 4042 ut
460 3989 541 4042 nostri
552 3989 585 4042 li·
634 3992 725 4046 nostrie
746 3993 863 4046 timemur
881 3991 982 4055 liberis,
999 3993 1021 4044 ri
1041 3993 1145 4064 captivit

71 4072 140 4136 beri,
153 4071 199 4143 qni
210 4069 315 4127 dirersis
328 4069 355 4122 in
367 4067 478 4142 partibut
490 4081 584 4130 errent,
633 4069 765 4140 ignoscere
777 4068 1144 4134 innutrieseverressemus,

71 4149 162 4202 itidem
170 4143 587 4203 aavahaberentur-Hiucillimi·
634 4151 659 4200 ai
678 4149 764 4202 liceret
773 4168 829 4202 esse
840 4151 944 4201 securis.
956 4146 1045 4200 &veri
1057 4147 1083 4199 in
1101 4169 1147 4202 ru·

74 4226 146 4299 tigeti
161 4225 303 4280 strictae-ia
321 4224 458 4278 elementer
474 4223 586 4278 exercita.
635 4224 735 4278 mendis
759 4225 905 4299 suppliciis,
928 4225 1147 4298 tollendiaqueltix

158 4314 183 4374 1.
199 4313 315 4378 &neca
323 4333 395 4398 paru
407 4312 540 4374 semida.
1010 4312 1050 4374 28
