2874 4796
295 429 359 519 492
406 430 454 496 M.
472 426 511 494 A.
528 429 619 496 SEN.
638 427 1070 513 CONTMXCERPTA,
1088 431 1126 496 L.
1145 429 1195 514 ll,
1214 452 1246 520 7.

296 579 387 625 mere
406 555 627 625 adulterium.
653 559 701 624 Ex
722 557 814 628 omni
837 581 922 650 rupe
939 555 1163 650 ,conchylium
1192 557 1355 641 trahitur,

295 697 363 765 quo
392 674 494 742 vestis
516 689 728 742 cruentetur.
758 672 915 750 Infelices
940 673 1142 742 ancillarum
1174 696 1295 768 greges
1312 673 1358 742 la-

295 787 442 870 borant,
466 803 505 855 ut
521 787 694 872 adultera,
719 789 813 857 tenui
824 803 924 857 ¹reste
948 788 1130 882 perspicua
1160 788 1204 855 sit
1223 815 1232 854 ι
1249 810 1289 854 eo
1307 787 1358 854 ui·

294 903 346 972 hil
362 904 400 970 iu
421 926 563 997 corpore
578 903 690 973 uxoris
712 928 778 972 suae
803 904 881 997 plus
907 905 1049 972 maritus
1060 953 1072 991 ,
1096 926 1198 997 quam
1220 902 1358 996 quilibet

294 1017 425 1088 alienus
444 1021 715 1115 peregrinusque
731 1022 923 1112 agnoverit.
947 1022 1088 1089 Frustra
1102 1017 1275 1090 aestimabo
1291 1041 1357 1088 esse

295 1131 424 1202 indicia
438 1140 471 1222 ¹,
498 1136 528 1203 si
552 1151 682 1203 tantum
709 1138 769 1228 qui
795 1151 890 1227 rogat
911 1137 1075 1230 comperit
1092 1131 1265 1231 pudicam.
1281 1133 1358 1200 Om-

294 1273 357 1317 nes
382 1265 417 1319 te
442 1250 648 1344 impudicam
675 1249 863 1344 loquuntur
889 1277 897 1318 ι
921 1251 1080 1346 pudicam
1106 1267 1236 1320 tautum
1259 1272 1355 1334 uuus,

294 1381 328 1432 et
341 1369 560 1462 peregrinus;
583 1369 639 1435 cui
662 1368 739 1462 plus
759 1367 914 1438 laudator
939 1392 1039 1463 quam
1053 1383 1229 1438 accusator
1250 1380 1356 1434 uocet.

288 1482 438 1570 *Uxorem
454 1507 564 1552 meam
592 1508 760 1576 nusquam
783 1483 898 1554 audiri
924 1485 1084 1580 pudicam
1108 1484 1176 1554 uisi
1202 1485 1240 1551 in
1268 1479 1359 1550 adul·

294 1599 359 1665 teri
390 1600 517 1693 elogio.
551 1601 670 1691 Dejice
700 1601 737 1669 in
767 1616 892 1669 terram
923 1600 1063 1684 oculos,
1101 1617 1136 1668 et
1163 1611 1359 1667 aureolum

293 1729 508 1784 externorum
531 1716 671 1785 vocibus
692 1717 826 1786 claude.
851 1715 924 1786 Sibi
944 1719 1088 1810 quisque
1111 1739 1174 1812 pro
1192 1731 1228 1783 te
1245 1729 1356 1808 neget.

277 1831 452 1900 Pudicam
471 1830 655 1917 illedixit,
678 1855 742 1925 ego
760 1831 979 1929 impudicam.
1001 1837 1107 1920 Puto,
1129 1833 1207 1926 plus
1224 1829 1360 1900 creditis

289 1947 381 2038 civi,
406 1971 508 2038 quam
534 1950 718 2044 peregrino
738 1976 747 2016 ι
764 1950 906 2032 marito,
931 1973 1032 2042 quam
1056 1947 1225 2018 adultero.
1250 1947 1360 2042 Ipsum

292 2062 450 2157 elogium·
460 2067 671 2160 corruptoris
692 2068 806 2134 auimo
829 2066 991 2160 scripsit:
1011 2065 1099 2157 Quia
1118 2065 1294 2156 pudicam,
1309 2063 1360 2130 iu-

292 2183 387 2272 quit,
406 2187 551 2273 comperi
557 2212 569 2265 ,-
589 2182 681 2275 quod
698 2183 784 2252 nulli
803 2198 927 2276 praeter
940 2205 993 2252 me
1007 2183 1164 2276 contigit.

339 2349 449 2421 PARS
468 2351 664 2421 ALTERA.
685 2335 848 2419 Formosa
869 2367 920 2420 est
937 2377 946 2418 ε
962 2351 1029 2420 hoc
1050 2365 1171 2419 natura
1194 2352 1358 2445 peccarit.

291 2467 374 2536 Siue
390 2469 464 2536 viro
482 2469 547 2536 fuit
564 2495 571 2534 :
587 2466 654 2537 hoc
671 2469 811 2537 maritus
828 2469 994 2561 peccavit.
1014 2467 1194 2561 Appellare
1211 2483 1265 2537 est
1277 2495 1286 2534 ι
1297 2467 1362 2534 hoc

290 2581 378 2650 alius
395 2584 560 2676 peccarit.
576 2585 721 2676 Negavit
740 2608 747 2648 :
764 2581 831 2652 hoc
844 2581 982 2675 pudice.
1006 2583 1120 2648 Heres
1144 2579 1267 2650 relicta
1286 2595 1360 2649 est:

291 2691 357 2763 hoc
374 2693 531 2764 feliciter.
552 2695 791 2764 Hereditatem
810 2694 893 2763 adiit
912 2721 920 2762 ε
938 2694 1004 2762 hoc
1019 2693 1171 2762 consulto
1191 2693 1286 2762 fecit.

289 2885 418 2958 ldervtgio
430 2898 514 2940 umen
525 2900 550 2942 et
558 2887 674 2941 Romana
686 2886 801 2942 editione
882 2907 904 2940 ι.
915 2885 1032 2940 Frustra
1042 2886 1182 2940 aslimdo
1190 2905 1248 2940 esse
1256 2887 1363 2940 mdr'cia.

289 2963 317 3015 iu
334 2963 570 3020 Controuersiarum
587 2965 682 3019 librum
703 2986 798 3020 recun—
847 2963 900 3017 Alii
901 2965 1000 3034 sutum
1007 2963 1170 3018 existimdo
1176 2967 1363 3031 iudicium·

290 3042 368 3110 suu,
384 3043 428 3097 ubi
442 3045 625 3115 desiderantur,
639 3045 798 3120 postliminio
845 3045 923 3099 Frob.
931 3055 1003 3098 vetus
1014 3043 1192 3114 libersmstm
1202 3063 1261 3100 erse
1269 3047 1363 3099 caete

288 3120 400 3176 mmm
412 3135 478 3178 ml·
489 3121 586 3180 SCM
845 3125 932 3178 modo.
945 3122 1013 3177 Vide
1027 3143 1081 3197 sup.
1094 3143 1119 3197 p.
1134 3123 1194 3190 241.
