2874 4768
273 431 503 499 exesurus
527 431 688 500 ecura.
714 437 794 502 uin.
820 440 878 523 vi,
904 465 935 507 2.
1030 519 1037 528 ,
1071 441 1135 510 553

251 823 255 830 .
300 705 821 826 couruovsusm
861 741 952 826 11.w

206 907 350 986 u'xs'us
376 939 511 986 rurus
539 915 683 1015 squuuo
710 943 989 994 nnonrnirus.

198 1139 202 1148 .
248 1089 322 1150 Lux.
335 1086 470 1148 Exsulem
481 1101 556 1150 tecto
570 1102 599 1150 et
609 1061 672 1150 cibo
681 1094 780 1172 juvare
793 1114 851 1152 uon
865 1094 959 1154 licem.

99 1223 238 1282 lumi.
257 1221 450 1301 Imprudentia
463 1221 546 1282 sadis
556 1219 718 1308 sinuatur
735 1226 963 1306 quinquennium
978 1227 1097 1286 exsulet.
1195 1199 1207 1208 -

58 1351 182 1410 Turius.
200 1350 331 1432 Quidum
352 1373 434 1432 quun
446 1349 545 1431 filium
560 1349 691 1433 etfiliorn
712 1353 849 1445 habaet,
862 1357 1042 1434 inprudentis
1057 1357 1143 1418 cadis

100 1452 276 1526 dannatus,
290 1455 319 1512 in
328 1455 458 1514 exsilium
464 1452 606 1534 profectus
618 1464 668 1514 est.
685 1455 801 1516 Solebat
807 1459 898 1516 oeni're
907 1458 937 1516 iu
943 1457 1141 1534 possessionem

102 1551 357 1635 oksncmfim'bus.
373 1552 498 1614 Rescivit
507 1555 559 1614 hoc
566 1551 658 1635 filiun
678 1553 785 1615 Cecidit
802 1556 932 1646 otilt'cum.
950 1555 979 1614 V
977 1557 1067 1615 iilicus
1087 1577 1142 1616 eos-

105 1655 191 1714 ctusit
205 1657 342 1734 patrem
357 1655 441 1733 cupit
456 1655 497 1713 ire
509 1652 664 1734 adfinium.
683 1652 825 1715 Accusata
840 1657 910 1725 illc,
929 1656 1002 1737 quod
1017 1657 1142 1716 exsulem

104 1755 279 1834 recepisset,
297 1751 433 1820 &meato
441 1750 539 1832 frctm
549 1754 679 1814 abiman
690 1764 740 1814 est.
761 1754 833 1816 Post
841 1755 1052 1837 quinquennum
1060 1766 1145 1835 puter

107 1849 349 1934 uenustus.
855 1911 858 1918 .

114 2007 210 2075 PRO
236 2005 396 2074 PATRE.
427 2004 612 2074 Accusator
634 2005 779 2074 civium²
800 2031 853 2076 me
878 2007 958 2075 iecit
977 2007 1142 2078 exsulem:

72 2119 168 2188 filius
184 2123 290 2189 etiam
310 2143 473 2188 meorum.
498 2119 620 2188 Filiam
642 2121 868 2190 honestiorem
890 2125 1006 2191 inveni
1018 2173 1029 2207 ,
1054 2121 1146 2213 quod

73 2251 232 2305 annuente
246 2251 298 2303 est
317 2258 472 2304 :servum
493 2234 728 2328 frugaliorem,
753 2236 845 2328 quod
859 2261 964 2306 caesus
977 2254 1038 2305 est.
1055 2237 1146 2304 Male

75 2351 231 2418 meruisti
247 2348 290 2417 de
303 2367 421 2444 putre,
439 2373 539 2442 quem
559 2352 730 2420 exclusisti
748 2379 756 2418 ι
773 2351 817 2421 de
835 2377 970 2436 sorore,
990 2354 1045 2420 cui
1060 2373 1148 2443 prae-

73 2460 204 2552 judicio
219 2465 366 2534 nocuisti
384 2491 392 2532 ι
410 2463 453 2532 de
464 2447 655 2558 judicibus.
672 2489 758 2557 quos
772 2467 808 2533 in
821 2482 887 2534 tam
903 2467 991 2536 bona
1007 2467 1147 2534 timuisti

76 2598 189 2646 censs.
219 2579 288 2648 Ant
316 2595 353 2646 tu
369 2578 537 2672 peccasti,
566 2594 624 2646 ant
649 2603 757 2648 soror.
791 2580 901 2650 Filius
928 2604 981 2649 me
1006 2579 1143 2663 docuit,

80 2691 169 2786 quod
185 2693 284 2772 illum
302 2716 370 2768 non
395 2689 535 2787 recipio.
562 2694 724 2763 Absoluta
744 2712 815 2780 est,
837 2697 960 2789 inquit,
982 2718 1036 2764 me
1049 2693 1150 2764 advo-
1203 2711 1206 2718 ·

82 2825 166 2890 osto,
181 2833 291 2880 soror.
309 2811 360 2879 Its
373 2825 550 2902 tupatrem
562 2793 851 2904 non'recipiebns‚
868 2835 972 2904 quum
982 2823 1049 2878 tum
1059 2810 1147 2877 bene

82 2926 177 2998 istam
187 2953 323 3000 cansam
338 2909 590 3021 sgere'possesl
604 2925 720 3018 Quum
734 2927 886 2996 absoluta
899 2943 950 2995 ost
963 2949 1039 3018 quae
1053 2948 1149 2993 rece-

84 3062 199 3135 perat,
217 3047 394 3114 damnntus
408 3043 531 3136 estqui
544 3038 766 3135 expulerat⁵i
782 3043 871 3113 Filia
884 3067 937 3134 me
954 3058 1081 3136 patrem
1091 3043 1150 3134 ju·

86 3153 228 3247 dicavit,
250 3183 367 3228 servus
390 3157 561 3226 dominum
587 3158 670 3225 :uni
698 3155 771 3224 filio
793 3155 886 3224 ex'sul
907 3157 969 3223 fui.
992 3158 1146 3248 Ignosce,

88 3268 283 3342 fidelissime
302 3270 533 3351 servulorum,
558 3284 591 3337 et
610 3269 672 3340 tilii
690 3268 890 3360 imprudens
905 3267 1020 3335 nocui.
1037 3267 1150 3360 Quam

68 3515 71 3522 .
121 3483 143 3516 t.
155 3467 336 3536 impartientis
351 3467 429 3520 cadis
441 3467 592 3517 damnatius.
642 3462 675 3515 do
693 3481 776 3531 usqne
793 3479 845 3520 esse
865 3459 892 3512 in
910 3461 1066 3514 membranis
1078 3462 1152 3515 Voss.

90 3539 159 3594 idem
183 3543 277 3596 lemme
294 3541 339 3596 lib·
355 3543 393 3594 lll
410 3541 548 3594 nectant
562 3540 594 3592 de
644 3541 741 3612 stllug.
751 3551 776 3591 et
783 3539 866 3591 abesse
874 3537 1069 3608 deberr.Quum
1076 3540 1153 3593 ubso-

91 3637 139 3686 quo
156 3621 250 3676 Fabius
268 3619 313 3674 lib.
333 3620 396 3686 Vll,
418 3639 470 3693 erp.
487 3621 516 3687 4,
539 3611 596 3672 sxt'r.
645 3621 702 3670 luto
713 3625 751 3678 est
763 3618 835 3684 (nam
847 3629 870 3668 et
880 3617 917 3669 sic
928 3615 1006 3668 iisleru
1017 3615 1087 3677 libri,
1099 3635 1152 3670 nou
1193 3657 1196 3664 .

93 3691 185 3753 Situs.
646 3699 700 3749 sit:
712 3694 854 3767 culparum
865 3694 972 3764 intersit)
983 3713 1042 3762 qua
1051 3711 1153 3762 recepe-

124 3775 597 3833 ²·Ancusatorcioium.llerv.atloram
647 3782 702 3835 rat,
722 3774 864 3825 minuatur
882 3783 932 3834 est,
948 3775 996 3840 qui
1005 3774 1150 3838 expulerat.
1271 3773 1273 3783 '

94 3849 153 3905 torte
155 3857 264 3924 finium.
273 3856 365 3910 tisim
647 3848 770 3922 intelligit
781 3847 863 3902 filiurn
873 3887 880 3915 ,
891 3849 937 3920 qui
948 3859 1070 3918 quantum
1085 3846 1112 3899 in
1126 3867 1153 3900 us

97 3967 101 3974 ·
126 3929 150 3982 3·
171 3936 228 4005 Qui
245 3937 393 4004 expulerat.
413 3932 464 3988 Alii
483 3936 597 4002 quinon
646 3941 713 3995 erat,
728 3947 791 3982 cauo
803 3929 835 3982 ob
848 3939 975 4000 receptum
990 3937 1083 3996 petrem
1098 3925 1153 3977 vil-

100 4013 241 4075 expulerat.
271 4012 420 4084 Negotium
452 4008 597 4084 particulam
647 4007 711 4073 liro,
727 4007 856 4072 eiieceret,
870 4025 903 4058 ue
919 4005 950 4056 ab
966 4002 1055 4056 eodem
1070 4014 1155 4076 poster

98 4101 148 4138 sou
160 4089 233 4143 inisse
249 4089 277 4142 in
292 4087 346 4143 ullo
364 4088 428 4142 Poll.
442 4107 488 4140 nee
500 4085 616 4140 Erumi·
646 4083 813 4156 reciperetur,
834 4082 878 4133 sed
897 4079 1067 4153 expelleretur.
1086 4079 1153 4132 Illud

100 4159 204 4226 editions
213 4167 334 4237 inclinium
342 4166 401 4220 iecit
407 4165 536 4222 (interut.
547 4164 598 4217 Aa·
647 4161 784 4232 judicium,
797 4179 849 4230 quo
860 4171 904 4212 tua
912 4177 992 4224 soror,
1003 4177 1060 4232 qun
1068 4177 1109 4212 me
1117 4177 1155 4210 re·
