2874 4808
257 502 690 572 conroovnasrsnnrr
712 507 794 571 sis.
821 506 871 586 v,
900 503 953 568 31.
1060 500 1123 590 to

72 633 222 715 scierint,
242 633 411 699 neminem
428 633 463 698 in
486 631 551 700 bae
574 634 711 700 civitate
734 655 806 700 esse
830 631 1005 699 fortiorem
1024 626 1126 720 qnam

72 769 189 814 senem.
201 745 257 814 Illi
269 767 322 814 me
337 761 535 840 coegerunt,
549 750 645 840 quasi
659 763 740 816 tnnc
751 771 887 841 quoqne
897 743 1027 839 aliquid
1039 768 1128 838 prae·

72 866 200 930 stituros
219 887 327 931 essem
344 862 559 956 reipublicae,
581 867 699 932 venire
721 865 757 932 ib
770 865 939 956 judicium
966 890 974 932 ε
998 864 1035 930 in
1059 884 1127 954 quo

72 977 146 1070 qnid
162 979 291 1046 babet?
307 1003 372 1072 ogo
386 979 641 1071 conjudicatus
653 981 783 1074 junior.

113 1095 225 1164 anro
245 1094 331 1162 dixit
354 1121 364 1162 τ
391 1093 513 1165 Timeo
539 1119 582 1162 ne
610 1096 654 1166 ob
671 1097 739 1165 boc
765 1100 898 1191 ipsum¹
918 1096 1008 1190 patri
1028 1093 1130 1162 vilior

71 1213 141 1279 fiam
163 1235 255 1307 :ego
272 1213 376 1282 sciam
391 1235 436 1280 an
452 1235 594 1304 usquam
612 1212 851 1306 gloriosussit.

113 1323 268 1398 Tnanrns
281 1327 348 1398 boo
361 1324 475 1396 colore
488 1353 569 1396 usus
586 1346 636 1397 est
655 1355 663 1397 :
679 1331 719 1398 In
729 1330 861 1422 judicio
878 1330 972 1399 volui
988 1329 1051 1398 tibi
1072 1353 1131 1398 ce·-

73 1441 161 1524 dere‚
180 1460 218 1512 ut
235 1469 307 1514 non
322 1447 504 1538 imperasse
525 1444 714 1529 videreris,
738 1445 798 1514 ted
815 1447 959 1531 vicisse3
979 1460 1015 1513 et
1029 1445 1128 1512 cessi.

72 1561 284 1631 Defunctorie
305 1585 438 1630 causam
459 1583 568 1630 meam
591 1564 758 1654 egissem?
771 1578 885 1630 notum
904 1563 946 1630 sit
962 1561 1057 1629 ilium
1075 1581 1132 1628 ce-

73 1677 164 1763 dere,
184 1680 268 1771 quia
285 1702 405 1773 parum
423 1695 474 1746 est
491 1676 561 1763 illi,
577 1702 645 1748 non
660 1679 814 1775 putabat.

113 1794 249 1860 N1cnrns
276 1795 313 1860 in
336 1792 401 1859 bac
418 1795 646 1862 controversia
662 1795 747 1862 dixit
776 1792 845 1865 :Et
865 1789 883 1865 ὃ
900 1793 1045 1875 πάππος
1065 1783 1133 1862 berb

73 1914 123 1992 riis
141 1909 289 2006 φῦσιως1
303 1907 492 1996 emendae,
507 1915 654 1984 ΗΜΕΙΣ
677 1918 801 1984 ΗΜΙΝ
820 1911 965 2014 παρίστη
986 1913 1038 2006 τῷ
1059 1903 1135 1982 τότε

73 2020 268 2124 dormito,
286 2025 342 2098 οὒκ
358 2024 397 2100 ἂν
410 2023 505 2114 εἶπεν,
523 2027 580 2111 Τίς
594 2027 630 2099 νύ
646 2057 696 2125 μοι
718 2027 813 2126 ἡλρη
833 2021 912 2113 ἥδε,
936 2023 1008 2100 &eoi
1025 2019 1132 2121 φίλοη

74 2139 106 2220 tb
123 2143 185 2215 Ata
201 2143 288 2239 μάλα
304 2142 434 2241 χαίρων·
454 2145 493 2214 oi
510 2142 655 2241 τ’ἂρετῗς
675 2147 746 2248 πέρι
764 2141 848 2240 δῆριν
863 2147 996 2241 ἔχουσιν,
1020 2137 1133 2228 εἷπον,

73 2261 147 2328 Μῶν
165 2255 215 2330 ὅδε
234 2254 362 2356 πατρὸς
377 2254 528 2354 ἆμεῶωη

116 2375 251 2443 Scaurus
271 2376 365 2443 buno
382 2397 516 2445 sensum
534 2376 632 2444 aliter
649 2375 734 2444 dixit
751 2403 760 2444 :
778 2378 852 2446 Osi
873 2400 956 2444 avus
969 2398 1065 2443 mens
1079 2374 1133 2441 in·

76 2503 203 2559 teresset
216 2490 349 2584 judicio
364 2542 375 2577 ,
393 2516 494 2585 quam
511 2492 660 2561 libenter
676 2509 842 2586 spectaret
866 2509 901 2560 et
925 2489 1129 2561 discordiam

75 2606 228 2676 nostram!
246 2605 431 2676 Clamasset
444 2610 527 2677 mibi
545 2637 554 2677 ε
571 2611 647 2680 Non
661 2607 816 2704 estquod
830 2609 947 2698 cedas,
964 2607 1037 2704 ipse
1048 2608 1133 2675 mibi
1175 2599 1177 2602 ’

76 2745 236 2816 nunquam
251 2727 365 2793 cessit.

116 2841 273 2909 Lsnrnxns
285 2857 414 2935 partem
426 2846 532 2937 patris
547 2844 765 2928 declamavit,
782 2860 815 2915 et
830 2843 912 2912 dixit
926 2839 1131 2936 quodetiam
1219 2933 1221 2936 Ι

78 3007 278 3085 intelligendique
296 3012 401 3079 bernes,
422 3015 466 3085 qni
486 3003 574 3069 divunr
623 3028 693 3069 verat
707 3013 800 3070 filiurn.
815 3016 952 3069 Diversum
963 3033 1011 3068 ato
1023 3051 1031 3079 ‚
1043 3011 1065 3066 si
1078 3011 1135 3086 quis

77 3105 165 3157 genos,
191 3103 216 3143 et
238 3091 334 3144 divinis
360 3091 500 3145 bonoribus
522 3093 574 3146 coli
622 3093 736 3147 maniam
744 3107 806 3147 esset
815 3113 910 3160 sensus,
920 3091 1132 3146 antilleexisteret

76 3181 257 3222 consueverant.
266 3168 365 3222 Scbnlt.
623 3173 653 3225 ab
661 3173 758 3236 inieris,
766 3174 915 3248 placiturum
924 3191 985 3239 esse,
993 3171 1033 3224 bis
1042 3184 1132 3224 osten·

106 3262 125 3294 1.
143 3245 230 3298 Timeo
247 3260 280 3298 ne
292 3248 324 3299 ob
342 3245 388 3300 boc
400 3249 496 3312 ipsum.
512 3245 574 3300 Haec
622 3250 970 3326 dit,nraximnmquepotius
982 3249 1130 3324 gavisurum

76 3336 188 3392 corrupta.
199 3327 268 3398 begs
280 3327 456 3390 ettenorum,
467 3337 572 3378 etmox:
624 3327 759 3402 gandium.
777 3329 799 3381 si
822 3340 938 3401 nepotem
960 3321 1015 3379 tilio
1037 3325 1135 3381 videret

77 3399 169 3466 «Quod
181 3424 228 3476 ego
242 3405 339 3471 sciam,
352 3424 385 3457 an
397 3423 503 3476 nsquam
513 3404 575 3477 glo·
623 3410 761 3480 fortiorem.
777 3409 858 3483 Supra
872 3419 951 3478 :opta
961 3445 969 3473 ‚
976 3416 1060 3475 pater,
1073 3416 1103 3458 ut
1116 3423 1135 3456 a

78 3477 184 3536 riosiores
199 3485 279 3537 sint.»
292 3485 323 3537 ld
339 3485 408 3552 qood
420 3484 467 3537 isto
479 3484 575 3555 jndicio
624 3498 712 3556 nepote
722 3489 844 3539 vincaris.
855 3483 954 3539 Setuts.
964 3513 998 3527 -
1007 3484 1057 3536 Pro
1067 3486 1133 3553 ἧμιῖς

77 3575 125 3608 snm
137 3577 301 3628 consecutus,
311 3563 386 3616 unice
398 3563 462 3635 patri
471 3576 495 3615 et
504 3563 576 3615 i'asni·
624 3568 679 3633 ἡμῖν
695 3564 803 3638 legerem
819 3567 842 3617 is
851 3567 999 3635 plebeicis,
1013 3561 1055 3615 vel
1067 3563 1136 3630 pisae

78 3631 115 3688 lia
126 3633 308 3710 imputandum.
319 3641 418 3709 Sebuit.
625 3645 697 3710 ἡμῶν,
713 3642 755 3695 vel
767 3644 850 3710 μεταξὺ
861 3646 933 3713 ἡμᾶν,
948 3641 989 3694 vel
1004 3641 1053 3710 μεθ’
1063 3643 1136 3710 vinds.

106 3733 126 3765 2-
138 3723 163 3769 Η
177 3719 301 3781 ὅπᾶππος
310 3761 316 3785 ,
326 3745 347 3772 κ.
357 3744 379 3771 τ.
391 3724 410 3772 i.
421 3722 488 3792 Lege
501 3720 577 3788 τούτῳ
626 3720 723 3772 Cetera
740 3733 862 3773 constant.
875 3744 888 3768 a
900 3721 926 3773 Si
940 3739 1001 3772 avus
1015 3739 1029 3770 a
1047 3730 1138 3770 natura

79 3793 261 3866 τῷδιιασπηρίῳ.
272 3797 376 3851 Siavus
389 3819 407 3850 o
417 3810 514 3852 notura
522 3802 578 3852 red-
626 3799 740 3852 redditos
752 3799 882 3851 nobiscnm
894 3798 1012 3851 adfuisset
1020 3795 1057 3848 iiii
1066 3795 1137 3868 indi-

78 3871 142 3924 disus
157 3875 228 3930 nobis
244 3879 350 3932 adesset
368 3882 396 3930 r’n
412 3879 458 3932 boc
473 3881 578 3942 judicio.
627 3877 682 3943 cio,
694 3897 779 3930 nonne
790 3877 905 3929 dixisset:
918 3874 1006 3943 Qualis
1014 3872 1068 3927 baec
1082 3872 1135 3925 dies

79 3945 183 4005 Existens
196 3955 291 4008 seilicet
302 3947 333 4007 ab
345 3956 442 4008 inieris.
459 3955 581 4008 (ima-
630 3952 665 4004 ‹tii
684 3954 758 4006 boni!
772 3955 879 4006 muitum
897 3953 981 4006 berete
1001 3965 1026 4004 et
1046 3952 1137 4002 marito

79 4022 189 4096 legesis
207 4037 241 4103 τῷ
262 4033 325 4086 πότι.
340 4035 407 4086 Nam
420 4053 474 4087 non
483 4035 514 4086 ad
530 4035 579 4087 boc
628 4032 740 4102 gaudens
752 4051 759 4085 ε
772 4031 791 4083 ii
802 4031 915 4101 veroqui
925 4031 956 4081 de
967 4029 1058 4081 virtute
1068 4045 1136 4080 con-

80 4105 394 4181 pertinentbaecjudicium,
402 4113 502 4182 sedqtro
510 4125 579 4184 pater
628 4113 736 4164 tendunt
743 4150 751 4173 ,
761 4109 788 4162 id
799 4122 849 4171 est,
860 4106 996 4176 caeteriqni
1005 4105 1137 4158 nobiseum

80 4189 101 4225 tt
112 4177 174 4235 filius
187 4199 260 4239 antea
277 4190 458 4241 contenderant
469 4189 501 4242 do
516 4207 578 4261 prse-
628 4190 659 4242 de
671 4188 761 4240 virtuto
781 4184 980 4248 contendebant,
997 4183 1137 4236 dixissent:

81 4255 141 4322 ”1103
154 4262 218 4314 node
231 4266 386 4318 exacerbatus
399 4279 467 4335 pater
477 4266 576 4319 abdica·
626 4269 695 4318 Nom
709 4279 744 4318 est
755 4265 797 4318 bic
809 4276 875 4337 patre
886 4262 978 4316 melior
987 4261 1020 4315 ἓ»
1031 4261 1138 4314 Desunt·
