<?xml version="1.0" encoding="UTF-8"?>
<!DOCTYPE html PUBLIC "-//W3C//DTD XHTML 1.0 Transitional//EN"
    "http://www.w3.org/TR/xhtml1/DTD/xhtml1-transitional.dtd">
<html xmlns="http://www.w3.org/1999/xhtml" xml:lang="en" lang="en">
 <head>
  <title>
</title>
<meta http-equiv="Content-Type" content="text/html;charset=utf-8" />
  <meta name='ocr-system' content='tesseract 3.04.00' />
  <meta name='ocr-capabilities' content='ocr_page ocr_carea ocr_par ocr_line ocrx_word'/>
</head>
<body>
  <div class='ocr_page' id='page_1' title='image "./lannsenecparspr00bouigoog_0126.png"; bbox 0 0 2866 4814; ppageno 0'>
   <div class='ocr_carea' id='block_1_1' title="bbox 321 512 1060 601">
    <p class='ocr_par' dir='ltr' id='par_1_1' title="bbox 321 512 1060 601">
     <span class='ocr_line' id='line_1_1' title="bbox 321 512 1060 601; baseline -0.001 -18"><span class='ocrx_word' id='word_1_1' title='bbox 321 517 384 601; x_wconf 68' lang='lat'><strong>¹¹4</strong></span> <span class='ocrx_word' id='word_1_2' title='bbox 640 516 686 579; x_wconf 88' lang='grc' dir='ltr'><strong>Μ.</strong></span> <span class='ocrx_word' id='word_1_3' title='bbox 713 512 856 581; x_wconf 77' lang='lat' dir='ltr'><strong>ANNAEI</strong></span> <span class='ocrx_word' id='word_1_4' title='bbox 879 513 1060 582; x_wconf 83' lang='lat' dir='ltr'>SENECAE</span> 
     </span>
    </p>
   </div>
   <div class='ocr_carea' id='block_1_2' title="bbox 303 619 1430 3296">
    <p class='ocr_par' dir='ltr' id='par_1_2' title="bbox 315 619 1391 1074">
     <span class='ocr_line' id='line_1_2' title="bbox 315 619 1388 736; baseline -0.002 -23"><span class='ocrx_word' id='word_1_5' title='bbox 315 643 513 713; x_wconf 85' lang='lat' dir='ltr'><strong>dimitteret.</strong></span> <span class='ocrx_word' id='word_1_6' title='bbox 532 641 582 708; x_wconf 82' lang='lat' dir='ltr'><strong>lta</strong></span> <span class='ocrx_word' id='word_1_7' title='bbox 599 664 662 731; x_wconf 78' lang='lat' dir='ltr'><strong>ego</strong></span> <span class='ocrx_word' id='word_1_8' title='bbox 689 637 807 709; x_wconf 77' lang='lat' dir='ltr'><strong>marrus</strong></span> <span class='ocrx_word' id='word_1_9' title='bbox 831 643 934 710; x_wconf 83' lang='lat' dir='ltr'><strong>etium</strong></span> <span class='ocrx_word' id='word_1_10' title='bbox 953 666 1016 735; x_wconf 90' lang='lat' dir='ltr'><strong>pro</strong></span> <span class='ocrx_word' id='word_1_11' title='bbox 1040 619 1205 711; x_wconf 85' lang='lat' dir='ltr'><strong>adulteris</strong></span> <span class='ocrx_word' id='word_1_12' title='bbox 1220 641 1388 736; x_wconf 82' lang='lat' dir='ltr'><strong>perdidi3</strong></span> 
     </span>
     <span class='ocr_line' id='line_1_3' title="bbox 315 756 1391 852; baseline -0.002 -24"><span class='ocrx_word' id='word_1_13' title='bbox 315 762 392 828; x_wconf 87' lang='lat' dir='ltr'><strong>steti</strong></span> <span class='ocrx_word' id='word_1_14' title='bbox 410 756 642 852; x_wconf 79' lang='lat' dir='ltr'><strong>deprehensus</strong></span> <span class='ocrx_word' id='word_1_15' title='bbox 658 756 701 824; x_wconf 89' lang='lat' dir='ltr'><strong>ab</strong></span> <span class='ocrx_word' id='word_1_16' title='bbox 716 757 878 826; x_wconf 83' lang='lat' dir='ltr'><strong>adulteris</strong></span> <span class='ocrx_word' id='word_1_17' title='bbox 890 759 986 826; x_wconf 87' lang='lat' dir='ltr'><strong>meis.</strong></span> <span class='ocrx_word' id='word_1_18' title='bbox 1001 761 1112 826; x_wconf 81' lang='lat' dir='ltr'><strong>Patris</strong></span> <span class='ocrx_word' id='word_1_19' title='bbox 1126 757 1294 844; x_wconf 82' lang='lat' dir='ltr'><strong>desertor,</strong></span> <span class='ocrx_word' id='word_1_20' title='bbox 1310 782 1391 826; x_wconf 83' lang='lat' dir='ltr'><strong>ma·</strong></span> 
     </span>
     <span class='ocr_line' id='line_1_4' title="bbox 315 873 1391 966; baseline -0.001 -24"><span class='ocrx_word' id='word_1_21' title='bbox 315 877 376 944; x_wconf 82' lang='lat' dir='ltr'><strong>tris</strong></span> <span class='ocrx_word' id='word_1_22' title='bbox 401 876 500 959; x_wconf 88' lang='lat' dir='ltr'><strong>leno,</strong></span> <span class='ocrx_word' id='word_1_23' title='bbox 527 898 626 965; x_wconf 88' lang='lat' dir='ltr'><strong>quem</strong></span> <span class='ocrx_word' id='word_1_24' title='bbox 647 889 729 966; x_wconf 86' lang='lat' dir='ltr'><strong>puto</strong></span> <span class='ocrx_word' id='word_1_25' title='bbox 745 876 816 964; x_wconf 89' lang='lat' dir='ltr'><strong>jam</strong></span> <span class='ocrx_word' id='word_1_26' title='bbox 832 873 971 941; x_wconf 84' lang='lat' dir='ltr'><strong>creditis</strong></span> <span class='ocrx_word' id='word_1_27' title='bbox 994 898 1064 942; x_wconf 91' lang='lat' dir='ltr'><strong>nou</strong></span> <span class='ocrx_word' id='word_1_28' title='bbox 1080 896 1156 941; x_wconf 86' lang='lat' dir='ltr'><strong>esse</strong></span> <span class='ocrx_word' id='word_1_29' title='bbox 1181 873 1290 941; x_wconf 83' lang='lat' dir='ltr'><strong>filium</strong></span> <span class='ocrx_word' id='word_1_30' title='bbox 1317 875 1391 941; x_wconf 85' lang='lat' dir='ltr'><strong>viri</strong></span> 
     </span>
     <span class='ocr_line' id='line_1_5' title="bbox 316 980 1068 1074; baseline -0.003 -16"><span class='ocrx_word' id='word_1_31' title='bbox 316 992 433 1074; x_wconf 83' lang='lat' dir='ltr'><strong>fortis,</strong></span> <span class='ocrx_word' id='word_1_32' title='bbox 454 990 574 1058; x_wconf 76' lang='lat' dir='ltr'><strong>tertius</strong></span> <span class='ocrx_word' id='word_1_33' title='bbox 590 991 626 1058; x_wconf 88' lang='lat' dir='ltr'><strong>in</strong></span> <span class='ocrx_word' id='word_1_34' title='bbox 640 989 798 1058; x_wconf 92' lang='lat' dir='ltr'><strong>cubiculo</strong></span> <span class='ocrx_word' id='word_1_35' title='bbox 815 980 947 1058; x_wconf 85' lang='lat' dir='ltr'><strong>derisor</strong></span> <span class='ocrx_word' id='word_1_36' title='bbox 963 991 1068 1060; x_wconf 86' lang='lat' dir='ltr'><strong>stetit.</strong></span> 
     </span>
    </p>

    <p class='ocr_par' dir='ltr' id='par_1_3' title="bbox 308 1105 1430 2016">
     <span class='ocr_line' id='line_1_6' title="bbox 363 1105 1430 1192; baseline -0.005 -14"><span class='ocrx_word' id='word_1_37' title='bbox 363 1111 481 1178; x_wconf 80' lang='lat' dir='ltr'><strong>Fmvu</strong></span> <span class='ocrx_word' id='word_1_38' title='bbox 496 1109 622 1176; x_wconf 79' lang='lat' dir='ltr'><strong>Srtusr.</strong></span> <span class='ocrx_word' id='word_1_39' title='bbox 637 1108 677 1174; x_wconf 88' lang='lat' dir='ltr'><strong>In</strong></span> <span class='ocrx_word' id='word_1_40' title='bbox 694 1105 784 1174; x_wconf 91' lang='lat' dir='ltr'><strong>bello</strong></span> <span class='ocrx_word' id='word_1_41' title='bbox 803 1131 917 1192; x_wconf 82' lang='lat' dir='ltr'><strong>meas,</strong></span> <span class='ocrx_word' id='word_1_42' title='bbox 947 1109 984 1175; x_wconf 89' lang='lat' dir='ltr'><strong>in</strong></span> <span class='ocrx_word' id='word_1_43' title='bbox 998 1107 1096 1175; x_wconf 92' lang='lat' dir='ltr'><strong>domo</strong></span> <span class='ocrx_word' id='word_1_44' title='bbox 1114 1109 1214 1176; x_wconf 84' lang='lat' dir='ltr'><strong>etiam</strong></span> <span class='ocrx_word' id='word_1_45' title='bbox 1229 1106 1294 1173; x_wconf 84' lang='lat' dir='ltr'><strong>lilii</strong></span> <span class='ocrx_word' id='word_1_46' title='bbox 1313 1131 1394 1174; x_wconf 83' lang='lat' dir='ltr'><strong>ma·</strong></span> <span class='ocrx_word' id='word_1_47' title='bbox 1427 1165 1430 1173; x_wconf 53' lang='lat'><strong>,</strong></span> 
     </span>
     <span class='ocr_line' id='line_1_7' title="bbox 312 1221 1394 1318; baseline -0.003 -24"><span class='ocrx_word' id='word_1_48' title='bbox 312 1251 376 1294; x_wconf 80' lang='lat' dir='ltr'><strong>nuo</strong></span> <span class='ocrx_word' id='word_1_49' title='bbox 397 1222 546 1318; x_wconf 90' lang='lat' dir='ltr'><strong>perdidi.</strong></span> <span class='ocrx_word' id='word_1_50' title='bbox 565 1221 734 1290; x_wconf 73' lang='lat' dir='ltr'><strong>Processit</strong></span> <span class='ocrx_word' id='word_1_51' title='bbox 747 1223 784 1290; x_wconf 87' lang='lat' dir='ltr'><strong>in</strong></span> <span class='ocrx_word' id='word_1_52' title='bbox 800 1222 928 1292; x_wconf 90' lang='lat' dir='ltr'><strong>bellum</strong></span> <span class='ocrx_word' id='word_1_53' title='bbox 944 1224 1002 1315; x_wconf 84' lang='lat' dir='ltr'><strong>l1ic</strong></span> <span class='ocrx_word' id='word_1_54' title='bbox 1018 1247 1107 1290; x_wconf 84' lang='lat' dir='ltr'><strong>uuus</strong></span> <span class='ocrx_word' id='word_1_55' title='bbox 1130 1223 1280 1290; x_wconf 90' lang='lat' dir='ltr'><strong>omnium</strong></span> <span class='ocrx_word' id='word_1_56' title='bbox 1295 1221 1394 1291; x_wconf 84' lang='lat' dir='ltr'><strong>ado-</strong></span> 
     </span>
     <span class='ocr_line' id='line_1_8' title="bbox 313 1338 1389 1432; baseline -0.001 -22"><span class='ocrx_word' id='word_1_57' title='bbox 313 1342 471 1412; x_wconf 84' lang='lat' dir='ltr'><strong>lescentis</strong></span> <span class='ocrx_word' id='word_1_58' title='bbox 494 1339 557 1407; x_wconf 88' lang='lat' dir='ltr'><strong>filii</strong></span> <span class='ocrx_word' id='word_1_59' title='bbox 575 1340 721 1407; x_wconf 84' lang='lat' dir='ltr'><strong>vicarius</strong></span> <span class='ocrx_word' id='word_1_60' title='bbox 736 1367 743 1406; x_wconf 74' lang='grc' dir='ltr'>ε</span> <span class='ocrx_word' id='word_1_61' title='bbox 761 1340 797 1408; x_wconf 92' lang='lat' dir='ltr'><strong>iu</strong></span> <span class='ocrx_word' id='word_1_62' title='bbox 823 1341 897 1407; x_wconf 82' lang='lat' dir='ltr'><strong>acie</strong></span> <span class='ocrx_word' id='word_1_63' title='bbox 922 1342 1024 1422; x_wconf 89' lang='lat' dir='ltr'><strong>vicit,</strong></span> <span class='ocrx_word' id='word_1_64' title='bbox 1043 1338 1134 1407; x_wconf 90' lang='lat' dir='ltr'><strong>domi</strong></span> <span class='ocrx_word' id='word_1_65' title='bbox 1152 1354 1270 1432; x_wconf 82' lang='lat' dir='ltr'><strong>captus</strong></span> <span class='ocrx_word' id='word_1_66' title='bbox 1291 1345 1300 1375; x_wconf 92' lang='lat'>¹</span> <span class='ocrx_word' id='word_1_67' title='bbox 1318 1356 1389 1426; x_wconf 86' lang='lat' dir='ltr'><strong>est,</strong></span> 
     </span>
     <span class='ocr_line' id='line_1_9' title="bbox 311 1447 1392 1554; baseline -0.003 -26"><span class='ocrx_word' id='word_1_68' title='bbox 311 1475 424 1554; x_wconf 82' lang='lat' dir='ltr'><strong>portat</strong></span> <span class='ocrx_word' id='word_1_69' title='bbox 440 1459 531 1525; x_wconf 89' lang='lat' dir='ltr'><strong>inter</strong></span> <span class='ocrx_word' id='word_1_70' title='bbox 543 1456 651 1549; x_wconf 82' lang='lat' dir='ltr'><strong>spolia</strong></span> <span class='ocrx_word' id='word_1_71' title='bbox 668 1456 734 1523; x_wconf 83' lang='lat' dir='ltr'><strong>viri</strong></span> <span class='ocrx_word' id='word_1_72' title='bbox 753 1455 849 1523; x_wconf 86' lang='lat' dir='ltr'><strong>fortis</strong></span> <span class='ocrx_word' id='word_1_73' title='bbox 869 1455 1057 1524; x_wconf 80' lang='lat' dir='ltr'><strong>volutantes</strong></span> <span class='ocrx_word' id='word_1_74' title='bbox 1083 1455 1267 1524; x_wconf 85' lang='lat' dir='ltr'><strong>adulteros.</strong></span> <span class='ocrx_word' id='word_1_75' title='bbox 1288 1447 1392 1525; x_wconf 79' lang='lat' dir='ltr'><strong>&#39;Ado-</strong></span> 
     </span>
     <span class='ocr_line' id='line_1_10' title="bbox 313 1569 1393 1666; baseline -0.001 -24"><span class='ocrx_word' id='word_1_76' title='bbox 313 1576 461 1660; x_wconf 76' lang='lat' dir='ltr'><strong>lemene,</strong></span> <span class='ocrx_word' id='word_1_77' title='bbox 480 1573 573 1641; x_wconf 85' lang='lat' dir='ltr'><strong>venit</strong></span> <span class='ocrx_word' id='word_1_78' title='bbox 586 1587 719 1663; x_wconf 85' lang='lat' dir='ltr'><strong>tempus</strong></span> <span class='ocrx_word' id='word_1_79' title='bbox 730 1570 859 1639; x_wconf 84' lang='lat' dir='ltr'><strong>militiae</strong></span> <span class='ocrx_word' id='word_1_80' title='bbox 873 1587 938 1640; x_wconf 77' lang='lat' dir='ltr'><strong>tum</strong></span> <span class='ocrx_word' id='word_1_81' title='bbox 957 1599 965 1640; x_wconf 92' lang='lat'><strong>:</strong></span> <span class='ocrx_word' id='word_1_82' title='bbox 983 1571 1163 1666; x_wconf 80' lang='lat' dir='ltr'><strong>indignare</strong></span> <span class='ocrx_word' id='word_1_83' title='bbox 1177 1575 1207 1640; x_wconf 86' lang='lat' dir='ltr'><strong>si</strong></span> <span class='ocrx_word' id='word_1_84' title='bbox 1218 1569 1393 1666; x_wconf 85' lang='lat' dir='ltr'><strong>deceptus</strong></span> 
     </span>
     <span class='ocr_line' id='line_1_11' title="bbox 311 1685 1389 1782; baseline -0.002 -24"><span class='ocrx_word' id='word_1_85' title='bbox 311 1715 360 1758; x_wconf 83' lang='lat' dir='ltr'><strong>es.</strong></span> <span class='ocrx_word' id='word_1_86' title='bbox 378 1691 464 1760; x_wconf 85' lang='lat' dir='ltr'><strong>Tum</strong></span> <span class='ocrx_word' id='word_1_87' title='bbox 481 1689 605 1756; x_wconf 84' lang='lat' dir='ltr'><strong>frustra</strong></span> <span class='ocrx_word' id='word_1_88' title='bbox 628 1687 672 1755; x_wconf 86' lang='lat' dir='ltr'><strong>ad</strong></span> <span class='ocrx_word' id='word_1_89' title='bbox 691 1686 820 1772; x_wconf 85' lang='lat' dir='ltr'><strong>filium,</strong></span> <span class='ocrx_word' id='word_1_90' title='bbox 844 1710 945 1779; x_wconf 81' lang='lat' dir='ltr'><strong>quum</strong></span> <span class='ocrx_word' id='word_1_91' title='bbox 968 1685 1012 1754; x_wconf 86' lang='lat' dir='ltr'><strong>ad</strong></span> <span class='ocrx_word' id='word_1_92' title='bbox 1029 1685 1179 1782; x_wconf 82' lang='lat' dir='ltr'>gladium</span> <span class='ocrx_word' id='word_1_93' title='bbox 1205 1691 1389 1774; x_wconf 83' lang='lat' dir='ltr'><strong>cucurrit3</strong></span> 
     </span>
     <span class='ocr_line' id='line_1_12' title="bbox 310 1794 1392 1887; baseline -0.001 -12"><span class='ocrx_word' id='word_1_94' title='bbox 310 1806 470 1876; x_wconf 84' lang='lat' dir='ltr'><strong>ridebant</strong></span> <span class='ocrx_word' id='word_1_95' title='bbox 487 1803 632 1874; x_wconf 85' lang='lat' dir='ltr'><strong>adulteri</strong></span> <span class='ocrx_word' id='word_1_96' title='bbox 659 1794 795 1872; x_wconf 79' lang='lat' dir='ltr'><strong>truncas</strong></span> <span class='ocrx_word' id='word_1_97' title='bbox 823 1803 889 1873; x_wconf 87' lang='lat' dir='ltr'><strong>viri</strong></span> <span class='ocrx_word' id='word_1_98' title='bbox 918 1805 1015 1872; x_wconf 86' lang='lat' dir='ltr'><strong>fortis</strong></span> <span class='ocrx_word' id='word_1_99' title='bbox 1042 1829 1178 1887; x_wconf 80' lang='lat' dir='ltr'><strong>manus,</strong></span> <span class='ocrx_word' id='word_1_100' title='bbox 1209 1807 1302 1874; x_wconf 84' lang='lat' dir='ltr'><strong>circa</strong></span> <span class='ocrx_word' id='word_1_101' title='bbox 1326 1829 1392 1874; x_wconf 78' lang='lat' dir='ltr'><strong>sua</strong></span> 
     </span>
     <span class='ocr_line' id='line_1_13' title="bbox 308 1922 1259 2016; baseline -0.008 -24"><span class='ocrx_word' id='word_1_102' title='bbox 308 1947 404 1992; x_wconf 77' lang='lat' dir='ltr'><strong>arms</strong></span> <span class='ocrx_word' id='word_1_103' title='bbox 423 1922 579 1991; x_wconf 86' lang='lat' dir='ltr'><strong>labentis.</strong></span> <span class='ocrx_word' id='word_1_104' title='bbox 1250 2007 1259 2016; x_wconf 17' lang='grc' dir='ltr'><strong>ῃ</strong></span> 
     </span>
    </p>

    <p class='ocr_par' dir='ltr' id='par_1_4' title="bbox 303 2036 1393 2600">
     <span class='ocr_line' id='line_1_14' title="bbox 358 2036 1388 2130; baseline 0.002 -24"><span class='ocrx_word' id='word_1_105' title='bbox 358 2039 577 2106; x_wconf 77' lang='lat' dir='ltr'><strong>Ancrurtun.</strong></span> <span class='ocrx_word' id='word_1_106' title='bbox 603 2036 693 2106; x_wconf 82' lang='lat' dir='ltr'><strong>Ante</strong></span> <span class='ocrx_word' id='word_1_107' title='bbox 710 2039 827 2130; x_wconf 85' lang='lat' dir='ltr'><strong>patriae</strong></span> <span class='ocrx_word' id='word_1_108' title='bbox 846 2061 947 2129; x_wconf 84' lang='lat' dir='ltr'><strong>quem</strong></span> <span class='ocrx_word' id='word_1_109' title='bbox 966 2038 1055 2130; x_wconf 81' lang='lat' dir='ltr'><strong>patri</strong></span> <span class='ocrx_word' id='word_1_110' title='bbox 1080 2039 1218 2130; x_wconf 74' lang='lat' dir='ltr'><strong>negavit</strong></span> <span class='ocrx_word' id='word_1_111' title='bbox 1247 2061 1388 2108; x_wconf 79' lang='lat' dir='ltr'><strong>munus.</strong></span> 
     </span>
     <span class='ocr_line' id='line_1_15' title="bbox 311 2151 1393 2247; baseline 0.002 -24"><span class='ocrx_word' id='word_1_112' title='bbox 311 2155 475 2224; x_wconf 85' lang='lat' dir='ltr'>Libenter</span> <span class='ocrx_word' id='word_1_113' title='bbox 492 2177 626 2222; x_wconf 82' lang='lat' dir='ltr'><strong>causam</strong></span> <span class='ocrx_word' id='word_1_114' title='bbox 637 2151 712 2245; x_wconf 86' lang='lat' dir='ltr'><strong>ejus</strong></span> <span class='ocrx_word' id='word_1_115' title='bbox 726 2154 877 2247; x_wconf 79' lang='lat' dir='ltr'><strong>suscepi:</strong></span> <span class='ocrx_word' id='word_1_116' title='bbox 903 2154 979 2246; x_wconf 90' lang='lat' dir='ltr'><strong>quis</strong></span> <span class='ocrx_word' id='word_1_117' title='bbox 999 2155 1089 2223; x_wconf 89' lang='lat' dir='ltr'><strong>euim</strong></span> <span class='ocrx_word' id='word_1_118' title='bbox 1104 2153 1200 2223; x_wconf 94' lang='lat' dir='ltr'><strong>illum</strong></span> <span class='ocrx_word' id='word_1_119' title='bbox 1215 2177 1286 2223; x_wconf 89' lang='lat' dir='ltr'><strong>uon</strong></span> <span class='ocrx_word' id='word_1_120' title='bbox 1306 2157 1393 2226; x_wconf 85' lang='lat' dir='ltr'><strong>viu·</strong></span> 
     </span>
     <span class='ocr_line' id='line_1_16' title="bbox 312 2267 1389 2363; baseline 0.004 -26"><span class='ocrx_word' id='word_1_121' title='bbox 312 2270 402 2340; x_wconf 90' lang='lat' dir='ltr'><strong>dicet</strong></span> <span class='ocrx_word' id='word_1_122' title='bbox 413 2272 428 2337; x_wconf 76' lang='grc' dir='ltr'><em>Ρ</em></span> <span class='ocrx_word' id='word_1_123' title='bbox 441 2268 525 2362; x_wconf 90' lang='lat' dir='ltr'><strong>quid</strong></span> <span class='ocrx_word' id='word_1_124' title='bbox 537 2270 605 2337; x_wconf 90' lang='lat' dir='ltr'><strong>hoc</strong></span> <span class='ocrx_word' id='word_1_125' title='bbox 617 2269 813 2351; x_wconf 78' lang='lat' dir='ltr'><strong>infelicius,</strong></span> <span class='ocrx_word' id='word_1_126' title='bbox 835 2291 935 2363; x_wconf 92' lang='lat' dir='ltr'><strong>quem</strong></span> <span class='ocrx_word' id='word_1_127' title='bbox 953 2267 1100 2338; x_wconf 83' lang='lat' dir='ltr'><strong>adulteri</strong></span> <span class='ocrx_word' id='word_1_128' title='bbox 1117 2287 1199 2339; x_wconf 91' lang='lat' dir='ltr'><strong>tunc</strong></span> <span class='ocrx_word' id='word_1_129' title='bbox 1216 2273 1389 2358; x_wconf 86' lang='lat' dir='ltr'><strong>riserunt,</strong></span> 
     </span>
     <span class='ocr_line' id='line_1_17' title="bbox 303 2385 1391 2479; baseline 0.001 -23"><span class='ocrx_word' id='word_1_130' title='bbox 303 2385 592 2479; x_wconf 49' lang='lat' dir='ltr'><strong>¹quumdeberent</strong></span> <span class='ocrx_word' id='word_1_131' title='bbox 603 2387 690 2454; x_wconf 91' lang='lat' dir='ltr'><strong>mori</strong></span> <span class='ocrx_word' id='word_1_132' title='bbox 704 2388 719 2454; x_wconf 76' lang='lat' dir='ltr'><strong>t</strong></span> <span class='ocrx_word' id='word_1_133' title='bbox 731 2387 793 2454; x_wconf 86' lang='lat' dir='ltr'><strong>Vir</strong></span> <span class='ocrx_word' id='word_1_134' title='bbox 805 2387 900 2454; x_wconf 86' lang='lat' dir='ltr'><strong>fortis</strong></span> <span class='ocrx_word' id='word_1_135' title='bbox 915 2387 950 2455; x_wconf 89' lang='lat' dir='ltr'><strong>iu</strong></span> <span class='ocrx_word' id='word_1_136' title='bbox 967 2385 1104 2456; x_wconf 84' lang='lat' dir='ltr'><strong>civitate</strong></span> <span class='ocrx_word' id='word_1_137' title='bbox 1119 2403 1279 2471; x_wconf 85' lang='lat' dir='ltr'><strong>truncus,</strong></span> <span class='ocrx_word' id='word_1_138' title='bbox 1295 2389 1391 2458; x_wconf 87' lang='lat' dir='ltr'><strong>intc-</strong></span> 
     </span>
     <span class='ocr_line' id='line_1_18' title="bbox 312 2505 732 2600; baseline -0.007 -25"><span class='ocrx_word' id='word_1_139' title='bbox 312 2531 390 2600; x_wconf 81' lang='lat' dir='ltr'><strong>gros</strong></span> <span class='ocrx_word' id='word_1_140' title='bbox 404 2505 578 2574; x_wconf 78' lang='lat' dir='ltr'><strong>adulteros</strong></span> <span class='ocrx_word' id='word_1_141' title='bbox 592 2521 732 2598; x_wconf 85' lang='lat' dir='ltr'><strong>spectat.</strong></span> 
     </span>
    </p>

    <p class='ocr_par' dir='ltr' id='par_1_5' title="bbox 308 2622 1393 3296">
     <span class='ocr_line' id='line_1_19' title="bbox 358 2622 1393 2716; baseline 0.005 -24"><span class='ocrx_word' id='word_1_142' title='bbox 358 2626 446 2693; x_wconf 81' lang='lat' dir='ltr'><strong>lum</strong></span> <span class='ocrx_word' id='word_1_143' title='bbox 460 2627 565 2692; x_wconf 72' lang='lat' dir='ltr'><strong>Bissr.</strong></span> <span class='ocrx_word' id='word_1_144' title='bbox 580 2625 656 2691; x_wconf 89' lang='lat' dir='ltr'><strong>Non</strong></span> <span class='ocrx_word' id='word_1_145' title='bbox 670 2638 721 2690; x_wconf 82' lang='lat' dir='ltr'><strong>est</strong></span> <span class='ocrx_word' id='word_1_146' title='bbox 734 2622 826 2714; x_wconf 94' lang='lat' dir='ltr'><strong>quod</strong></span> <span class='ocrx_word' id='word_1_147' title='bbox 838 2624 965 2715; x_wconf 85' lang='lat' dir='ltr'><strong>putetis</strong></span> <span class='ocrx_word' id='word_1_148' title='bbox 978 2623 1093 2716; x_wconf 86' lang='lat' dir='ltr'><strong>puniri</strong></span> <span class='ocrx_word' id='word_1_149' title='bbox 1109 2623 1205 2692; x_wconf 88' lang='lat' dir='ltr'><strong>illum</strong></span> <span class='ocrx_word' id='word_1_150' title='bbox 1223 2653 1231 2691; x_wconf 90' lang='lat'>:</span> <span class='ocrx_word' id='word_1_151' title='bbox 1246 2624 1293 2692; x_wconf 86' lang='lat' dir='ltr'><strong>ad</strong></span> <span class='ocrx_word' id='word_1_152' title='bbox 1304 2651 1393 2697; x_wconf 85' lang='lat' dir='ltr'><strong>suos</strong></span> 
     </span>
     <span class='ocr_line' id='line_1_20' title="bbox 311 2737 1385 2829; baseline 0.005 -22"><span class='ocrx_word' id='word_1_153' title='bbox 311 2740 512 2822; x_wconf 80' lang='lat' dir='ltr'><strong>dimittitur,</strong></span> <span class='ocrx_word' id='word_1_154' title='bbox 539 2740 694 2829; x_wconf 81' lang='lat' dir='ltr'><strong>iuquam,</strong></span> <span class='ocrx_word' id='word_1_155' title='bbox 722 2737 766 2804; x_wconf 85' lang='lat' dir='ltr'><strong>ad</strong></span> <span class='ocrx_word' id='word_1_156' title='bbox 793 2757 933 2808; x_wconf 83' lang='lat' dir='ltr'><strong>matrem</strong></span> <span class='ocrx_word' id='word_1_157' title='bbox 950 2763 1044 2807; x_wconf 79' lang='lat' dir='ltr'><strong>tuem</strong></span> <span class='ocrx_word' id='word_1_158' title='bbox 1061 2767 1069 2806; x_wconf 78' lang='grc' dir='ltr'><strong>ι</strong></span> <span class='ocrx_word' id='word_1_159' title='bbox 1086 2740 1201 2808; x_wconf 90' lang='lat' dir='ltr'><strong>nescio</strong></span> <span class='ocrx_word' id='word_1_160' title='bbox 1216 2765 1260 2809; x_wconf 84' lang='lat' dir='ltr'><strong>en</strong></span> <span class='ocrx_word' id='word_1_161' title='bbox 1279 2759 1315 2811; x_wconf 87' lang='lat' dir='ltr'><strong>et</strong></span> <span class='ocrx_word' id='word_1_162' title='bbox 1333 2743 1385 2814; x_wconf 82' lang='lat' dir='ltr'><strong>ad</strong></span> 
     </span>
     <span class='ocr_line' id='line_1_21' title="bbox 308 2851 1384 2953; baseline 0.004 -28"><span class='ocrx_word' id='word_1_163' title='bbox 308 2872 450 2948; x_wconf 85' lang='lat' dir='ltr'><strong>petrem.</strong></span> <span class='ocrx_word' id='word_1_164' title='bbox 472 2856 599 2923; x_wconf 79' lang='lat' dir='ltr'><strong>Metuit</strong></span> <span class='ocrx_word' id='word_1_165' title='bbox 609 2851 843 2923; x_wconf 69' lang='lat' dir='ltr'><strong>haereditatem</strong></span> <span class='ocrx_word' id='word_1_166' title='bbox 861 2855 981 2937; x_wconf 84' lang='lat' dir='ltr'><strong>illius²,</strong></span> <span class='ocrx_word' id='word_1_167' title='bbox 1003 2880 1103 2949; x_wconf 85' lang='lat' dir='ltr'><strong>quam</strong></span> <span class='ocrx_word' id='word_1_168' title='bbox 1120 2857 1278 2926; x_wconf 85' lang='lat' dir='ltr'><strong>occidere</strong></span> <span class='ocrx_word' id='word_1_169' title='bbox 1297 2884 1384 2953; x_wconf 81' lang='lat' dir='ltr'><strong>par-</strong></span> 
     </span>
     <span class='ocr_line' id='line_1_22' title="bbox 311 2969 1388 3067; baseline 0.006 -28"><span class='ocrx_word' id='word_1_170' title='bbox 311 2971 469 3039; x_wconf 90' lang='lat' dir='ltr'><strong>ricidium</strong></span> <span class='ocrx_word' id='word_1_171' title='bbox 484 2971 626 3063; x_wconf 84' lang='lat' dir='ltr'><strong>putavit.</strong></span> <span class='ocrx_word' id='word_1_172' title='bbox 645 2969 737 3037; x_wconf 82' lang='lat' dir='ltr'><strong>Nulli</strong></span> <span class='ocrx_word' id='word_1_173' title='bbox 751 2996 902 3064; x_wconf 86' lang='lat' dir='ltr'><strong>uuquam</strong></span> <span class='ocrx_word' id='word_1_174' title='bbox 916 2973 993 3067; x_wconf 83' lang='lat' dir='ltr'><strong>plus</strong></span> <span class='ocrx_word' id='word_1_175' title='bbox 1007 2973 1172 3042; x_wconf 81' lang='lat' dir='ltr'><strong>debuistis</strong></span> <span class='ocrx_word' id='word_1_176' title='bbox 1184 2977 1260 3043; x_wconf 86' lang='lat' dir='ltr'><strong>viro</strong></span> <span class='ocrx_word' id='word_1_177' title='bbox 1278 2975 1388 3065; x_wconf 79' lang='lat' dir='ltr'><strong>forti3</strong></span> 
     </span>
     <span class='ocr_line' id='line_1_23' title="bbox 310 3085 1391 3183; baseline 0.009 -30"><span class='ocrx_word' id='word_1_178' title='bbox 310 3110 418 3178; x_wconf 86' lang='lat' dir='ltr'><strong>usque</strong></span> <span class='ocrx_word' id='word_1_179' title='bbox 436 3110 476 3154; x_wconf 87' lang='lat' dir='ltr'><strong>co</strong></span> <span class='ocrx_word' id='word_1_180' title='bbox 491 3110 552 3180; x_wconf 86' lang='lat' dir='ltr'><strong>pro</strong></span> <span class='ocrx_word' id='word_1_181' title='bbox 568 3085 664 3154; x_wconf 90' lang='lat' dir='ltr'><strong>vobis</strong></span> <span class='ocrx_word' id='word_1_182' title='bbox 677 3091 858 3180; x_wconf 79' lang='lat' dir='ltr'><strong>pugnavit,</strong></span> <span class='ocrx_word' id='word_1_183' title='bbox 876 3105 914 3156; x_wconf 93' lang='lat' dir='ltr'><strong>ut</strong></span> <span class='ocrx_word' id='word_1_184' title='bbox 932 3113 995 3182; x_wconf 92' lang='lat' dir='ltr'><strong>pro</strong></span> <span class='ocrx_word' id='word_1_185' title='bbox 1009 3113 1045 3158; x_wconf 89' lang='lat' dir='ltr'><strong>se</strong></span> <span class='ocrx_word' id='word_1_186' title='bbox 1059 3115 1126 3159; x_wconf 88' lang='lat' dir='ltr'><strong>non</strong></span> <span class='ocrx_word' id='word_1_187' title='bbox 1141 3107 1265 3183; x_wconf 86' lang='lat' dir='ltr'><strong>posset.</strong></span> <span class='ocrx_word' id='word_1_188' title='bbox 1284 3092 1391 3162; x_wconf 82' lang='lat' dir='ltr'><strong>Ado-</strong></span> 
     </span>
     <span class='ocr_line' id='line_1_24' title="bbox 311 3203 934 3296; baseline 0.002 -26"><span class='ocrx_word' id='word_1_189' title='bbox 311 3203 457 3286; x_wconf 82' lang='lat' dir='ltr'><strong>lescens,</strong></span> <span class='ocrx_word' id='word_1_190' title='bbox 474 3227 560 3294; x_wconf 80' lang='lat' dir='ltr'><strong>quos</strong></span> <span class='ocrx_word' id='word_1_191' title='bbox 576 3203 757 3286; x_wconf 71' lang='lat' dir='ltr'><strong>dimisisti,</strong></span> <span class='ocrx_word' id='word_1_192' title='bbox 779 3229 934 3296; x_wconf 83' lang='lat' dir='ltr'><strong>sequere.</strong></span> 
     </span>
    </p>
   </div>
   <div class='ocr_carea' id='block_1_3' title="bbox 359 3439 1392 3548">
    <p class='ocr_par' dir='ltr' id='par_1_6' title="bbox 359 3439 1392 3548">
     <span class='ocr_line' id='line_1_25' title="bbox 359 3439 1392 3548; baseline 0.01 -43"><span class='ocrx_word' id='word_1_193' title='bbox 359 3441 470 3507; x_wconf 77' lang='lat' dir='ltr'><strong>PARS</strong></span> <span class='ocrx_word' id='word_1_194' title='bbox 495 3439 688 3508; x_wconf 81' lang='lat' dir='ltr'><strong>ALTERA.</strong></span> <span class='ocrx_word' id='word_1_195' title='bbox 715 3441 803 3548; x_wconf 59' lang='lat' dir='ltr'><strong>villu</strong></span> <span class='ocrx_word' id='word_1_196' title='bbox 827 3443 948 3510; x_wconf 75' lang='lat' dir='ltr'><strong>Gluu.</strong></span> <span class='ocrx_word' id='word_1_197' title='bbox 971 3443 1137 3526; x_wconf 80' lang='lat' dir='ltr'><strong>Matrem,</strong></span> <span class='ocrx_word' id='word_1_198' title='bbox 1159 3443 1292 3533; x_wconf 86' lang='lat' dir='ltr'><strong>inquit,</strong></span> <span class='ocrx_word' id='word_1_199' title='bbox 1314 3467 1392 3515; x_wconf 85' lang='lat' dir='ltr'><strong>non</strong></span> 
     </span>
    </p>
   </div>
   <div class='ocr_carea' id='block_1_4' title="bbox 309 3672 1394 4313">
    <p class='ocr_par' dir='ltr' id='par_1_7' title="bbox 309 3672 1394 4313">
     <span class='ocr_line' id='line_1_26' title="bbox 314 3672 1394 3766; baseline 0.007 -22"><span class='ocrx_word' id='word_1_200' title='bbox 314 3712 366 3745; x_wconf 84' lang='lat' dir='ltr'><strong>nou</strong></span> <span class='ocrx_word' id='word_1_201' title='bbox 377 3691 462 3764; x_wconf 84' lang='lat' dir='ltr'><strong>possit.</strong></span> <span class='ocrx_word' id='word_1_202' title='bbox 473 3693 530 3760; x_wconf 80' lang='lat' dir='ltr'><strong>Qua</strong></span> <span class='ocrx_word' id='word_1_203' title='bbox 542 3713 570 3744; x_wconf 82' lang='lat' dir='ltr'><strong>ex</strong></span> <span class='ocrx_word' id='word_1_204' title='bbox 582 3672 759 3745; x_wconf 71' lang='lat' dir='ltr'><strong>obscur-alione</strong></span> <span class='ocrx_word' id='word_1_205' title='bbox 768 3691 823 3746; x_wconf 76' lang='lat' dir='ltr'><strong>lroee</strong></span> <span class='ocrx_word' id='word_1_206' title='bbox 872 3693 965 3766; x_wconf 85' lang='lat' dir='ltr'><strong>quippe</strong></span> <span class='ocrx_word' id='word_1_207' title='bbox 974 3693 1007 3746; x_wconf 79' lang='lat' dir='ltr'><strong>ab</strong></span> <span class='ocrx_word' id='word_1_208' title='bbox 1019 3694 1049 3747; x_wconf 73' lang='lat' dir='ltr'><strong>iis</strong></span> <span class='ocrx_word' id='word_1_209' title='bbox 1060 3693 1171 3748; x_wconf 86' lang='lat' dir='ltr'><strong>ludibrio</strong></span> <span class='ocrx_word' id='word_1_210' title='bbox 1181 3695 1294 3762; x_wconf 76' lang='lat' dir='ltr'><strong>habitus,</strong></span> <span class='ocrx_word' id='word_1_211' title='bbox 1307 3700 1394 3756; x_wconf 71' lang='lat' dir='ltr'><strong>tuine-</strong></span> 
     </span>
     <span class='ocr_line' id='line_1_27' title="bbox 312 3769 1392 3848; baseline 0.012 -25"><span class='ocrx_word' id='word_1_212' title='bbox 312 3771 429 3823; x_wconf 83' lang='lat' dir='ltr'><strong>lllmtoris</strong></span> <span class='ocrx_word' id='word_1_213' title='bbox 447 3769 540 3824; x_wconf 79' lang='lat' dir='ltr'><strong>Triarii</strong></span> <span class='ocrx_word' id='word_1_214' title='bbox 548 3785 617 3826; x_wconf 77' lang='lat' dir='ltr'><strong>,sum</strong></span> <span class='ocrx_word' id='word_1_215' title='bbox 636 3771 802 3842; x_wconf 74' lang='lat' dir='ltr'><strong>intelligendu</strong></span> <span class='ocrx_word' id='word_1_216' title='bbox 814 3809 820 3832; x_wconf 88' lang='lat'><strong>,</strong></span> <span class='ocrx_word' id='word_1_217' title='bbox 871 3789 947 3842; x_wconf 82' lang='lat' dir='ltr'><strong>reque</strong></span> <span class='ocrx_word' id='word_1_218' title='bbox 959 3772 1145 3827; x_wconf 78' lang='lat' dir='ltr'><strong>circumventus</strong></span> <span class='ocrx_word' id='word_1_219' title='bbox 1156 3793 1185 3827; x_wconf 79' lang='lat' dir='ltr'><strong>ac</strong></span> <span class='ocrx_word' id='word_1_220' title='bbox 1197 3775 1318 3848; x_wconf 71' lang='lat' dir='ltr'><strong>deceptus</strong></span> <span class='ocrx_word' id='word_1_221' title='bbox 1327 3782 1392 3836; x_wconf 79' lang='lat' dir='ltr'><strong>:lm</strong></span> 
     </span>
     <span class='ocr_line' id='line_1_28' title="bbox 311 3845 1393 3934; baseline 0.008 -34"><span class='ocrx_word' id='word_1_222' title='bbox 311 3867 366 3919; x_wconf 75' lang='lat' dir='ltr'><strong>quse</strong></span> <span class='ocrx_word' id='word_1_223' title='bbox 379 3846 430 3900; x_wconf 78' lang='lat' dir='ltr'><strong>istis</strong></span> <span class='ocrx_word' id='word_1_224' title='bbox 448 3860 565 3918; x_wconf 70' lang='lat' dir='ltr'><strong>pretereo</strong></span> <span class='ocrx_word' id='word_1_225' title='bbox 581 3849 668 3902; x_wconf 80' lang='lat' dir='ltr'><strong>Fulvii</strong></span> <span class='ocrx_word' id='word_1_226' title='bbox 683 3849 768 3923; x_wconf 69' lang='lat' dir='ltr'><strong>Spurii</strong></span> <span class='ocrx_word' id='word_1_227' title='bbox 782 3849 820 3901; x_wconf 86' lang='lat' dir='ltr'><strong>il·</strong></span> <span class='ocrx_word' id='word_1_228' title='bbox 870 3845 922 3920; x_wconf 80' lang='lat' dir='ltr'><strong>ipsa</strong></span> <span class='ocrx_word' id='word_1_229' title='bbox 935 3869 997 3903; x_wconf 84' lang='lat' dir='ltr'><strong>vote</strong></span> <span class='ocrx_word' id='word_1_230' title='bbox 1009 3869 1067 3904; x_wconf 85' lang='lat' dir='ltr'><strong>mox</strong></span> <span class='ocrx_word' id='word_1_231' title='bbox 1078 3851 1143 3904; x_wconf 90' lang='lat' dir='ltr'><strong>illud</strong></span> <span class='ocrx_word' id='word_1_232' title='bbox 1154 3861 1247 3922; x_wconf 74' lang='lat' dir='ltr'><strong>captus</strong></span> <span class='ocrx_word' id='word_1_233' title='bbox 1258 3853 1393 3934; x_wconf 67' lang='lat' dir='ltr'><strong>interpr-2-</strong></span> 
     </span>
     <span class='ocr_line' id='line_1_29' title="bbox 309 3927 1056 3982; baseline 0 -4"><span class='ocrx_word' id='word_1_234' title='bbox 309 3929 446 3982; x_wconf 79' lang='lat' dir='ltr'><strong>lurtrautur</strong></span> <span class='ocrx_word' id='word_1_235' title='bbox 455 3944 462 3978; x_wconf 74' lang='grc' dir='ltr'><strong><em>ε</em></strong></span> <span class='ocrx_word' id='word_1_236' title='bbox 471 3927 618 3981; x_wconf 66' lang='lat' dir='ltr'><strong>«Ridebat</strong></span> <span class='ocrx_word' id='word_1_237' title='bbox 626 3928 733 3981; x_wconf 80' lang='lat' dir='ltr'><strong>adulteri</strong></span> <span class='ocrx_word' id='word_1_238' title='bbox 742 3941 819 3980; x_wconf 86' lang='lat' dir='ltr'><strong>trun-</strong></span> <span class='ocrx_word' id='word_1_239' title='bbox 869 3939 943 3980; x_wconf 81' lang='lat' dir='ltr'><strong>tatur.</strong></span> <span class='ocrx_word' id='word_1_240' title='bbox 955 3927 1056 3982; x_wconf 70' lang='lat' dir='ltr'><strong>Saluti.</strong></span> 
     </span>
     <span class='ocr_line' id='line_1_30' title="bbox 311 4005 1393 4088; baseline 0.006 -32"><span class='ocrx_word' id='word_1_241' title='bbox 311 4025 350 4057; x_wconf 80' lang='lat' dir='ltr'><strong>eas</strong></span> <span class='ocrx_word' id='word_1_242' title='bbox 363 4005 410 4058; x_wconf 86' lang='lat' dir='ltr'><strong>viri</strong></span> <span class='ocrx_word' id='word_1_243' title='bbox 425 4005 496 4058; x_wconf 80' lang='lat' dir='ltr'><strong>sortis</strong></span> <span class='ocrx_word' id='word_1_244' title='bbox 509 4025 613 4072; x_wconf 73' lang='lat' dir='ltr'><strong>monus,</strong></span> <span class='ocrx_word' id='word_1_245' title='bbox 627 4008 691 4062; x_wconf 79' lang='lat' dir='ltr'><strong>circa</strong></span> <span class='ocrx_word' id='word_1_246' title='bbox 709 4026 753 4060; x_wconf 80' lang='lat' dir='ltr'><strong>sua</strong></span> <span class='ocrx_word' id='word_1_247' title='bbox 772 4026 817 4059; x_wconf 77' lang='lat' dir='ltr'><strong>ar·</strong></span> <span class='ocrx_word' id='word_1_248' title='bbox 901 4005 1393 4088; x_wconf 73' lang='lat' dir='ltr'><strong>2.Merur&#39;ldoerede&#39;lalemr&#39;llius.Qum</strong></span> 
     </span>
     <span class='ocr_line' id='line_1_31' title="bbox 314 4081 1392 4162; baseline 0.016 -33"><span class='ocrx_word' id='word_1_249' title='bbox 314 4102 355 4136; x_wconf 69' lang='lat' dir='ltr'><strong>ma</strong></span> <span class='ocrx_word' id='word_1_250' title='bbox 368 4081 481 4136; x_wconf 66' lang='lat' dir='ltr'><strong>labentis,</strong></span> <span class='ocrx_word' id='word_1_251' title='bbox 495 4105 508 4130; x_wconf 84' lang='lat'>»</span> <span class='ocrx_word' id='word_1_252' title='bbox 523 4083 621 4137; x_wconf 63' lang='lat' dir='ltr'><strong>Salute.</strong></span> <span class='ocrx_word' id='word_1_253' title='bbox 871 4081 935 4134; x_wconf 78' lang='lat' dir='ltr'><strong>nihil</strong></span> <span class='ocrx_word' id='word_1_254' title='bbox 953 4096 1002 4150; x_wconf 76' lang='lat' dir='ltr'><strong>est,</strong></span> <span class='ocrx_word' id='word_1_255' title='bbox 1020 4085 1090 4155; x_wconf 89' lang='lat' dir='ltr'><strong>quod</strong></span> <span class='ocrx_word' id='word_1_256' title='bbox 1104 4084 1267 4141; x_wconf 77' lang='lat' dir='ltr'><strong>abdicatione</strong></span> <span class='ocrx_word' id='word_1_257' title='bbox 1284 4091 1392 4162; x_wconf 71' lang='lat' dir='ltr'><strong>doleat,</strong></span> 
     </span>
     <span class='ocr_line' id='line_1_32' title="bbox 348 4159 1393 4237; baseline 0.016 -27"><span class='ocrx_word' id='word_1_258' title='bbox 348 4179 368 4210; x_wconf 92' lang='grc' dir='ltr'><strong>ι.</strong></span> <span class='ocrx_word' id='word_1_259' title='bbox 382 4159 467 4214; x_wconf 76' lang='lat' dir='ltr'><strong>Domi</strong></span> <span class='ocrx_word' id='word_1_260' title='bbox 476 4169 567 4228; x_wconf 82' lang='lat' dir='ltr'><strong>captus</strong></span> <span class='ocrx_word' id='word_1_261' title='bbox 578 4173 623 4214; x_wconf 82' lang='lat' dir='ltr'><strong>est.</strong></span> <span class='ocrx_word' id='word_1_262' title='bbox 636 4162 713 4214; x_wconf 86' lang='lat' dir='ltr'><strong>Domi</strong></span> <span class='ocrx_word' id='word_1_263' title='bbox 725 4161 758 4214; x_wconf 80' lang='lat' dir='ltr'><strong>ita</strong></span> <span class='ocrx_word' id='word_1_264' title='bbox 770 4161 821 4215; x_wconf 73' lang='lat' dir='ltr'><strong>ha·</strong></span> <span class='ocrx_word' id='word_1_265' title='bbox 870 4181 895 4212; x_wconf 82' lang='lat' dir='ltr'><strong>se</strong></span> <span class='ocrx_word' id='word_1_266' title='bbox 914 4162 945 4214; x_wconf 76' lang='lat' dir='ltr'><strong>ab</strong></span> <span class='ocrx_word' id='word_1_267' title='bbox 964 4181 1020 4214; x_wconf 73' lang='lat' dir='ltr'><strong>mes</strong></span> <span class='ocrx_word' id='word_1_268' title='bbox 1041 4161 1186 4217; x_wconf 66' lang='lat' dir='ltr'><strong>hereditate</strong></span> <span class='ocrx_word' id='word_1_269' title='bbox 1205 4167 1343 4237; x_wconf 80' lang='lat' dir='ltr'><strong>repulsum</strong></span> <span class='ocrx_word' id='word_1_270' title='bbox 1367 4183 1393 4234; x_wconf 75' lang='lat' dir='ltr'><strong>rt</strong></span> 
     </span>
     <span class='ocr_line' id='line_1_33' title="bbox 311 4237 1391 4313; baseline 0.003 -23"><span class='ocrx_word' id='word_1_271' title='bbox 311 4237 385 4290; x_wconf 77' lang='lat' dir='ltr'><strong>betur</strong></span> <span class='ocrx_word' id='word_1_272' title='bbox 396 4239 427 4292; x_wconf 75' lang='lat' dir='ltr'><strong>nb</strong></span> <span class='ocrx_word' id='word_1_273' title='bbox 438 4239 556 4294; x_wconf 73' lang='lat' dir='ltr'><strong>adulteris</strong></span> <span class='ocrx_word' id='word_1_274' title='bbox 565 4238 634 4310; x_wconf 73' lang='lat' dir='ltr'><strong>qussi</strong></span> <span class='ocrx_word' id='word_1_275' title='bbox 647 4251 731 4313; x_wconf 75' lang='lat' dir='ltr'><strong>ceptus</strong></span> <span class='ocrx_word' id='word_1_276' title='bbox 743 4252 820 4293; x_wconf 79' lang='lat' dir='ltr'><strong>ruet:</strong></span> <span class='ocrx_word' id='word_1_277' title='bbox 870 4239 995 4294; x_wconf 79' lang='lat' dir='ltr'><strong>exclusum</strong></span> <span class='ocrx_word' id='word_1_278' title='bbox 1009 4259 1068 4294; x_wconf 78' lang='lat' dir='ltr'><strong>csse.</strong></span> <span class='ocrx_word' id='word_1_279' title='bbox 1079 4238 1177 4294; x_wconf 72' lang='lat' dir='ltr'><strong>Schult.</strong></span> <span class='ocrx_word' id='word_1_280' title='bbox 1385 4237 1391 4246; x_wconf 69' lang='lat'><strong>⁴</strong></span> 
     </span>
    </p>
   </div>
   <div class='ocr_carea' id='block_1_5' title="bbox 0 0 1438 4814">
    <p class='ocr_par' dir='ltr' id='par_1_8' title="bbox 0 0 1438 4814">
     <span class='ocr_line' id='line_1_34' title="bbox 0 0 1438 4814; baseline 0 0"><span class='ocrx_word' id='word_1_281' title='bbox 0 0 1438 4814; x_wconf 95' lang='lat' dir='ltr'><strong> </strong></span> 
     </span>
    </p>
   </div>
  </div>
 </body>
</html>
