2842 4812
276 435 338 500 250
581 432 644 498 ‘M.
671 431 816 500 ANNAEI
839 429 1020 500 SENscAE

270 557 494 652 jurejurando
513 559 677 651 transigi?
685 559 783 652 jura,
804 557 864 626 sed
887 582 950 650 ego
966 555 1204 650 jusjurandum
1223 557 1348 627 'dabo

275 678 357 744 Jura
367 700 431 769 por
441 675 548 769 patris
559 675 706 759 cineres,
718 677 777 772 qui
788 653 954 745 inconditi
968 693 1047 743 sunt
1058 701 1066 741 ι
1073 676 1152 768 jura
1165 697 1228 767 per
1241 678 1351 768 patris

279 794 488 862 memoriam.
505 795 548 860 Et
563 809 739 861 exsecutus
757 809 809 861 est
822 792 931 861 locum
951 815 1019 884 qno
1034 790 1185 884 perfecto
1199 795 1349 861 surrexit

276 914 319 978 L.
334 909 539 979 Arruntius⁸
551 909 738 978 exdivcrso
751 927 786 978 et
798 911 846 978 ait
860 937 869 979 s
884 909 1078 1004 Accipimus
1090 908 1320 979 conditionem
1336 936 1343 978 :

272 1026 415 1121 jurabit.
442 1026 615 1096 Clamabat
639 1026 796 1095 Albutius
823 1052 830 1092 :
856 1027 933 1094 Non
959 1022 1066 1093 detuli
1096 1022 1344 1106 conditionem,

276 1143 412 1211 scbemn
429 1140 513 1210 dixi.
537 1143 721 1212 Arruntius
740 1140 898 1210 instabat.
919 1117 1130 1210 Centumviri
1154 1140 1257 1208 rebus
1274 1141 1348 1233 jam

276 1257 449 1328 ultimisss
462 1259 640 1352 parabant.
649 1257 808 1328 Albutius
819 1255 986 1327 clamabat
1003 1285 1011 1326 ε
1025 1258 1093 1327 Ista
1103 1260 1237 1327 ratione
1248 1260 1348 1328 scbc-

279 1390 366 1441 mata
383 1372 426 1442 de
441 1398 555 1443 rerum
573 1389 694 1443 natura
713 1374 890 1444 tolluntur.
909 1372 1092 1443 Arruntius
1110 1374 1223 1442 aiebat
1240 1400 1249 1441 ι
1264 1374 1350 1442 Tol-

238 1583 241 1590 Ι
276 1489 403 1575 lentur,
422 1493 607 1584 poterimus
626 1492 699 1559 sine
717 1489 786 1558 illis
803 1491 934 1559 vivero.
959 1491 1096 1585 Summa
1115 1490 1166 1559 rei
1179 1489 1253 1558 baec
1265 1490 1345 1558 fisis

277 1608 489 1677 Centumviri
508 1608 687 1689 dixerunt,
707 1604 790 1675 darc
808 1607 900 1700 ipsos
915 1606 1102 1675 secundum
1114 1605 1348 1688 adversarium

276 1719 441 1809 Albutii⁵.,
461 1726 491 1794 si
505 1724 640 1819 juraret
655 1722 726 1792 illc.
742 1725 886 1802 Juravit.
903 1721 1064 1792 Albutius
1080 1747 1149 1792 non
1164 1723 1244 1792 tulit
1255 1723 1349 1792 banc

276 1841 534 1924 contumeliam,
554 1843 613 1912 scd
626 1844 732 1910 iratus
744 1829 947 1911 ¹calumniam
965 1840 1031 1910 sibi
1049 1843 1236 1935 imposuit:
1254 1867 1349 1911 nun-

277 1983 378 2050 quam
404 1960 494 2027 eninr
517 1960 663 2053 amplius
682 1961 719 2027 in
737 1958 811 2027 foro
830 1957 935 2043 dixit,
952 1959 1054 2028 homo
1070 1983 1206 2029 summae
1221 1961 1348 2054 probi-

277 2075 375 2160 tatis,
396 2077 457 2167 qni
475 2100 539 2145 nec
557 2076 669 2146 facere
686 2077 870 2170 injuriam,
890 2099 955 2145 nec
973 2078 1045 2169 pati
1062 2078 1176 2145 sciret.
1194 2079 1237 2146 Et
1252 2068 1348 2147 sotess

276 2187 334 2255 bat
359 2187 474 2257 dicere
498 2216 506 2256 ε
530 2187 627 2281 Quid
649 2189 758 2258 babeo
786 2213 892 2282 quare
915 2190 953 2256 in
978 2188 1054 2257 foro
1080 2189 1210 2273 dicam,
1239 2217 1347 2284 quum

276 2305 392 2398 plures
402 2329 456 2373 me
469 2303 562 2374 domi
572 2306 726 2393 audiant,
740 2330 842 2400 quam
856 2329 1059 2399 quemquam
1074 2309 1112 2396 in
1126 2307 1347 2401 foroPQuum

275 2421 374 2506 volo,
402 2421 479 2491 dico
504 2421 666 2516 quamdiu
684 2425 778 2507 volo,
798 2447 910 2492 assum
929 2426 998 2491 utri
1019 2424 1109 2493 volo.
1130 2427 1171 2493 Et
1190 2427 1351 2517 quamvis

268 2563 345 2626 ,non
364 2540 540 2626 fateretur,
561 2541 629 2610 hoc
645 2540 836 2611 delectabat
853 2540 950 2608 illum
966 2544 1004 2610 in
1022 2540 1344 2625 declamationibus,

275 2655 553 2750 quodschemata
571 2660 645 2728 sinc
661 2657 817 2752 periculo
831 2657 1054 2746 dicebantur,
1074 2683 1139 2728 nec
1153 2661 1192 2728 in
1209 2660 1347 2728 schola-

276 2774 370 2842 sticis
388 2789 502 2843 tamen
522 2773 675 2870 effugere
697 2775 919 2845 contumelias
943 2790 1078 2870 poterat
1103 2776 1225 2860 Cestii,
1252 2799 1347 2845 mor-

274 2961 412 3028 drtegeret,
425 2961 494 3030 qnod
507 2959 626 3014 Sebottus
638 2980 727 3014 voram
738 2982 785 3032 pu·
834 2972 920 3036 gustus
932 2961 1037 3035 dignum
1050 2961 1202 3034 irnperio,et
1211 2979 1345 3024 ausurum,
1414 2969 1417 2973 “

273 3049 310 3090 tat
324 3057 385 3090 csse·
404 3038 472 3091 Mihi
485 3057 557 3104 roro,
572 3037 642 3108 quod
657 3039 686 3091 in
704 3058 785 3092 mam·
834 3039 855 3091 si
876 3058 946 3092 casus
967 3039 1086 3104 daretur,
1109 3037 1231 3110 judicavit
1249 3057 1257 3091 ι
1275 3039 1347 3110 cnjus

275 3115 406 3168 braaaccis
418 3115 518 3170 dnobus
532 3116 622 3170 inveni
635 3157 643 3183 ,
656 3129 784 3186 regermt.
835 3117 910 3171 etism
924 3116 1092 3171 sanctissimas
1111 3129 1176 3170 artes
1193 3114 1256 3168 alibi
1274 3129 1350 3169 vocat

274 3194 355 3264 idque
366 3193 442 3247 video
455 3195 486 3248 dc
499 3193 644 3264 conjectura
656 3196 732 3248 ctiam
743 3214 785 3248 rs·
834 3193 903 3246 idern
923 3206 1018 3259 auctor,
1036 3192 1152 3262 interque
1172 3211 1215 3245 eos
1233 3205 1349 3246 accuset

274 3270 381 3325 stituisss
393 3271 517 3326 loretum.
527 3271 570 3324 Sic
579 3272 646 3345 apud
655 3273 785 3336 Plautum,
836 3271 983 3343 Suiliusqni
991 3271 1347 3345 incorruptavitaetlaenndia

275 3349 403 3402 Pseudolo
423 3367 430 3403 r
447 3373 461 3399 a
471 3352 562 3424 ingero
582 3349 649 3403 mala
670 3349 757 3403 multa.
770 3371 784 3398 u
835 3350 982 3403 adsumtos
999 3361 1175 3422 pervenerunt.
1192 3350 1294 3403 Clas-ior
1305 3361 1348 3403 ta-

276 3427 393 3495 Plinius,
406 3429 423 3481 l.
433 3430 484 3492 Vl,
497 3429 543 3502 Ep.
553 3445 612 3483 xxu
626 3445 633 3481 t
646 3449 659 3476 s
670 3428 785 3481 Ennmc-
835 3448 895 3483 men
910 3441 991 3483 morte
1006 3429 1072 3485 bone
1084 3449 1142 3484 usus
1155 3428 1250 3495 evasit,
1267 3447 1347 3500 quarn

272 3505 340 3559 ravit
346 3507 453 3561 crimina
462 3508 528 3562 toda
541 3505 784 3576 maniicstaqnc.lllc
835 3507 894 3561 ride
906 3507 973 3581 apud
984 3509 1101 3562 cumdem
1112 3507 1349 3574 Taciturn,lib.Vl.

275 3605 353 3656 quum
366 3587 463 3642 diluere
473 3607 526 3640 non
540 3601 635 3660 posset,
649 3585 784 3660 rogassit.»
835 3587 870 3639 N.
883 3586 978 3639 Faber.

312 3685 334 3718 1.
341 3663 396 3718 Sed
399 3685 444 3735 ego
449 3667 636 3732 jusjurandum
642 3665 720 3716 dubo.
728 3661 786 3714 Dat
867 3665 891 3716 3.
904 3665 979 3718 Duru
989 3670 1059 3734 ipsos
1070 3667 1210 3719 secundum
1220 3667 1349 3718 adversa·

273 3744 459 3808 ''mirrmndum
477 3743 531 3814 ipre
553 3741 597 3812 qui
623 3741 711 3812 jurat:
732 3759 784 3791 non
835 3746 902 3796 rium
923 3745 1035 3797 Albutit'.
1056 3741 1160 3817 Propria
1181 3743 1235 3796 baec
1257 3741 1347 3813 judicii

274 3821 412 3896 prescribit
423 3820 502 3874 altari.
517 3819 597 3872 Gran.
835 3821 960 3886 formula3
971 3820 1005 3873 sic
1014 3831 1039 3873 ct
1049 3820 1140 3874 Atilios
1152 3820 1296 3874 Collatinus
1307 3820 1347 3894 jn·

308 3923 331 3954 a.
340 3900 371 3954 L.
378 3903 521 3954 Anuntius
528 3918 564 3954 ex
571 3903 670 3954 dt'vcrso
678 3910 702 3952 et
709 3901 755 3952 ait.
762 3900 784 3950 ls
833 3899 879 3951 des
891 3909 976 3970 captus
989 3898 1053 3950 inter
1065 3898 1095 3950 C.
1108 3897 1237 3950 bratatium
1251 3897 1312 3950 Cos.
1322 3911 1349 3949 et

275 3993 311 4033 cst
329 3993 439 4043 sanator,
453 3992 478 4033 ct
492 3977 631 4032 consularis
641 3979 784 4048 frequentor
834 3977 869 4046 Q
875 3976 1006 4029 Valerium
1016 3974 1164 4039 Pataram,
1174 3976 1207 4028 dc
1217 3975 1347 4048 triumpho

274 4059 363 4113 Tacito
379 4058 425 4111 sub
444 4057 551 4131 irnperio
569 4054 666 4109 Tiberii
686 4055 783 4122 dictus,
833 4057 994 4118 altercantes,
1007 4054 1076 4124 quod
1088 4053 1129 4106 bic
1140 4053 1279 4126 sponsione
1292 4073 1348 4127 pro·

274 4156 350 4205 quom
358 4137 479 4202 divitem,
490 4133 784 4209 promptumqncartibus
833 4145 947 4199 vocaret,
961 4132 989 4184 ni
1000 4152 1047 4185 suo
1059 4131 1135 4185 ductu
1147 4131 1252 4186 Poenica
1264 4131 1348 4186 classis

274 4213 396 4286 egregiis,
416 4226 440 4266 et
459 4213 513 4286 pari
530 4215 598 4268 sama
613 4211 711 4286 publice
725 4203 798 4267 Au:
835 4225 897 4266 essct
907 4231 1021 4285 oppressa
1034 4209 1093 4264 :illc
1108 4211 1244 4285 impurium
1260 4212 1345 4284 auspi-
