2842 4812
197 494 199 502 η
237 413 301 482 268
553 407 601 473 M.
627 403 774 476 ANNAEl
796 402 977 482 SENECAE

233 544 542 638 inopiabominem¹
558 542 711 610 Graecum
728 537 909 616 laborasse,
928 535 1083 604 soricibus
1097 533 1301 603 abundasse.

232 665 352 754 ltaque
370 663 526 754 quotiens
543 659 652 726 laetius
663 655 795 748 aliquid
808 652 1003 722 describere
1025 675 1128 720 ausus
1149 668 1225 737 est,
1253 669 1306 720 to-

232 783 320 865 tiens
337 778 484 848 substitit
499 803 507 846 s
524 777 642 868 utique
655 797 758 866 quum
774 769 865 840 seed
879 769 1100 838 imitationem
1115 771 1233 861 magni
1245 768 1306 836 ali·

231 898 328 989 cujus
344 893 474 989 ingenii
496 893 690 973 direxerat,
711 890 798 956 sicut
815 888 850 956 in
868 884 934 954 hae
953 886 1184 956 controversia
1208 885 1300 953 feeit.

229 1017 314 1082 Nam
334 1015 369 1080 in
393 1010 605 1090 narratione,
625 1031 728 1100 quum
749 1006 885 1074 fratrem
907 1001 1066 1072 traditum
1086 1003 1153 1071 sibi
1174 1001 1305 1070 deseri-

230 1126 347 1208 beret,
367 1124 494 1218 placuit
511 1123 576 1191 sibi
601 1123 638 1190 in
662 1120 728 1188 bac
749 1118 973 1212 explicatione
996 1142 1063 1186 una
1089 1131 1124 1184 et
1147 1116 1303 1185 infelici:

230 1247 301 1311 Nox
319 1260 391 1311 erat
406 1239 594 1325 concubia,
621 1256 654 1307 et
677 1237 789 1305 omnis
803 1283 812 1318 ,
826 1281 829 1286 ‹
841 1234 1002 1320 Iudices,
1030 1235 1186 1302 canentia
1210 1232 1305 1301 side·

229 1359 324 1426 ribus
341 1373 432 1425 muta
447 1371 552 1424 erant.
569 1357 752 1422 Montanus
765 1351 875 1419 Julius
887 1355 915 1436 ²,
936 1351 994 1442 qui
1010 1351 1114 1417 comis
1127 1349 1205 1432 fuit,
1221 1350 1304 1440 qui-

230 1493 297 1564 que
314 1473 473 1564 egregius
485 1485 605 1564 poeta,
624 1467 734 1536 aicbat
753 1467 847 1533 illum
860 1465 989 1534 imitari
1007 1465 1151 1534 voluisse
1166 1464 1311 1557 Virgilii
1401 1505 1406 1514 ·

229 1586 491 1682 descriptionem
512 1613 521 1652 ε

345 1759 352 1768 .
394 1713 454 1766 Nor
466 1723 531 1772 erat,
544 1720 568 1762 et
581 1722 656 1761 terras
669 1707 792 1762 animalia
805 1705 927 1782 fessa‘per
937 1727 1027 1762 omnes
1038 1747 1045 1773 ,

396 1797 528 1862 Alituum,
541 1795 715 1868 pecudumque
726 1813 805 1866 genus
820 1813 897 1867 sopor
911 1791 975 1846 altus
986 1792 1103 1846 babebat.

114 1986 120 1998 ¹
231 1905 274 1971 At
288 1900 426 1996 Virgilii
451 1900 670 1967 imitationem
688 1897 775 1966 bene
801 1898 966 1978 cessisse,
982 1897 1043 1990 qui
1058 1895 1134 1966 illos
1158 1897 1306 1989 optimos

232 2042 350 2086 versus
363 2010 550 2086 Varronis⁵
570 2015 788 2108 expressisset
802 2015 837 2080 in
852 2013 972 2082 melius
987 2040 996 2080 ι

393 2143 527 2198 Desierant
538 2142 629 2195 latrare
640 2161 729 2206 canes,
743 2139 867 2210 urbesque
877 2138 992 2192 silebant.

397 2228 493 2282 Omnia
504 2225 585 2280 nortis
597 2238 667 2278 erant
680 2223 778 2300 placida
791 2236 916 2296 composta
930 2221 1021 2292 quiete.

230 2334 367 2402 Solebat
388 2331 532 2403 Ovidius
560 2331 602 2399 de
628 2331 683 2398 his
704 2329 859 2402 versibus
882 2327 1022 2413 dicere,
1050 2328 1200 2420 potuisse
1226 2329 1304 2398 fieri

230 2447 331 2542 longe
352 2445 526 2528 meliores,
539 2448 576 2523 ,si
601 2443 739 2515 secundi
756 2465 872 2510 sersus
893 2441 1009 2510 ultima
1025 2465 1103 2538 pars
1119 2439 1305 2542 abscinde-

230 2579 337 2646 retur,
355 2580 388 2631 ct
402 2565 451 2632 sic
464 2561 634 2632 desineret
651 2589 658 2628 ι

388 2689 482 2742 Omnia
493 2689 572 2743 noctis
585 2701 664 2742 crant.

232 2796 351 2877 Varro,
369 2819 470 2886 quem
486 2773 592 2860 voluit
606 2815 753 2874 sensum,
771 2793 897 2884 optime
913 2791 1086 2884 explicuit.
1104 2791 1250 2861 Ovidius
1265 2795 1304 2862 in

230 2909 323 2977 illius
339 2934 439 2979 versu
458 2933 554 2976 suum
572 2931 705 2975 sensum
723 2909 854 2975 invenit
872 2933 878 2973 :
894 2906 988 2975 aliud
1004 2908 1094 2976 enim
1118 2909 1304 2980 intercisus

230 3050 348 3130 versus
362 3027 614 3120 significaturus
632 3041 703 3108 est,
722 3024 816 3094 aliud
834 3040 922 3093 totus
940 3025 1121 3118 significat.

231 3192 330 3247 evasit?
342 3193 564 3261 Quemadmodum
582 3197 635 3268 ipse
655 3193 741 3247 erasi·
789 3193 917 3247 Chronico
927 3211 934 3248 t
944 3193 1065 3246 «Cestius
1073 3193 1226 3268 Smyrnaeus
1232 3195 1302 3250 llbe-

232 3272 298 3323 sti.»
318 3269 466 3342 legendum
489 3271 558 3322 enim
581 3281 608 3322 ut
628 3271 656 3322 in
675 3283 740 3322 testu
789 3283 830 3324 tor
841 3270 930 3323 Latine
944 3273 1032 3324 &mn
1043 3271 1159 3325 secutis
1170 3272 1207 3324 Ν.
1216 3274 1289 3328 Fae

233 3359 330 3413 inostro,r
339 3351 403 3410 ὅπως
414 3351 548 3410 delium:
557 3367 620 3414 non,
628 3349 741 3418 usvulgo
823 3369 845 3400 a.
856 3349 1001 3402 Montanus
1008 3350 1109 3405 Julius.
1117 3351 1235 3408 lleroicis
1243 3371 1303 3405 ver-

231 3427 285 3480 sine
298 3444 385 3488 sensu,
400 3429 462 3488 ὅπως
474 3427 523 3479 deb
532 3427 578 3479 δύο
590 3425 632 3488 εἴς.
649 3426 742 3498 Respi-
789 3425 868 3493 sibus,
883 3438 907 3479 et
920 3426 998 3499 elegis
1010 3427 1114 3482 celebris
1126 3441 1211 3501 poeta,
1225 3441 1301 3500 atque

231 3503 295 3556 citur
313 3503 345 3556 ad
364 3503 439 3576 patris
458 3503 662 3574 navigationem,
691 3523 740 3572 qua
790 3503 1302 3579 etiamarnlcitia'l'iberii,etfrigoresuo

231 3596 317 3656 captus
327 3596 362 3636 est
373 3604 386 3636 a
399 3583 493 3658 piratis.
507 3582 588 3636 Verba
598 3596 682 3637 autem
695 3601 738 3654 pa·
787 3595 900 3652 tempore
918 3589 1001 3636 notos.
1018 3583 1116 3636 Seneca
1129 3583 1303 3658 Philosophus

233 3659 342 3713 rentlresi
357 3661 454 3714 inclusa
475 3660 578 3734 (supple
598 3661 704 3725 στόλον)
725 3679 739 3709 e
787 3660 866 3731 Epist.
877 3673 970 3713 cxxnt.
980 3662 1090 3715 Ovidius
1098 3662 1162 3736 eleg.
1172 3661 1217 3715 ult
1227 3665 1245 3716 l.
1253 3665 1302 3716 Π.

230 3739 345 3810 margine
357 3737 488 3790 intextum
501 3736 666 3804 irrepserunt.
678 3735 735 3800 llic,
790 3739 867 3808 Cuius
880 3738 954 3792 etiam
966 3740 1063 3792 mentio
1072 3738 1100 3792 lit
1110 3741 1139 3792 in
1151 3739 1302 3813 fragmentis

230 3830 342 3892 utsupra
355 3819 385 3869 rb
396 3819 462 3873 asilos
473 3826 508 3868 est
521 3813 673 3867 substantive
688 3831 739 3865 na·-
789 3817 893 3870 Senecae
907 3816 1065 3891 Philosophi·
1079 3819 1116 3872 N.
1125 3817 1198 3872 Fas.

231 3895 323 3950 vitula.
335 3895 386 3949 En.
820 3895 844 3946 3.
862 3895 999 3948 Varronis·
1011 3897 1093 3949 Varro
1101 3896 1221 3950 Atacinus
1230 3895 1301 3951 litte·

269 3991 290 4024 ι.
302 3973 443 4026 Hominem
456 3971 584 4026 Gratum.
593 3969 740 4040 Smyrnaeus
788 3991 827 4024 ras
835 3970 973 4040 annosiam
986 3984 1057 4025 natus
1066 3973 1099 4025 35
1109 3973 1305 4048 avidearripois

231 4049 300 4103 enim
312 4064 371 4104 erat.
383 4051 591 4122 &Hieronymus
599 4049 625 4102 in
637 4047 740 4104 Eusebii
788 4049 937 4124 Olympiade
953 4050 1006 4116 174.
1018 4049 1113 4105 Sedott.

620 4231 906 4262 ωσι-100...-
