<?xml version="1.0" encoding="UTF-8"?>
<!DOCTYPE html PUBLIC "-//W3C//DTD XHTML 1.0 Transitional//EN"
    "http://www.w3.org/TR/xhtml1/DTD/xhtml1-transitional.dtd">
<html xmlns="http://www.w3.org/1999/xhtml" xml:lang="en" lang="en">
 <head>
  <title>
</title>
<meta http-equiv="Content-Type" content="text/html;charset=utf-8" />
  <meta name='ocr-system' content='tesseract 3.04.00' />
  <meta name='ocr-capabilities' content='ocr_page ocr_carea ocr_par ocr_line ocrx_word'/>
</head>
<body>
  <div class='ocr_page' id='page_1' title='image "./lannsenecparspr00bouigoog_0542.png"; bbox 0 0 2874 4768; ppageno 0'>
   <div class='ocr_carea' id='block_1_1' title="bbox 629 413 1048 489">
    <p class='ocr_par' dir='ltr' id='par_1_1' title="bbox 629 413 1048 489">
     <span class='ocr_line' id='line_1_1' title="bbox 629 413 1048 489; baseline -0.007 -1"><span class='ocrx_word' id='word_1_1' title='bbox 629 413 676 488; x_wconf 87' lang='lat' dir='ltr'><strong>M.</strong></span> <span class='ocrx_word' id='word_1_2' title='bbox 704 419 847 488; x_wconf 81' lang='lat' dir='ltr'><strong>ANNAEI</strong></span> <span class='ocrx_word' id='word_1_3' title='bbox 870 419 1048 489; x_wconf 84' lang='lat' dir='ltr'>SENECAE</span> 
     </span>
    </p>
   </div>
   <div class='ocr_carea' id='block_1_2' title="bbox 511 697 1157 887">
    <p class='ocr_par' dir='ltr' id='par_1_2' title="bbox 511 697 1157 887">
     <span class='ocr_line' id='line_1_2' title="bbox 511 697 1157 887; baseline -0.008 -31"><span class='ocrx_word' id='word_1_4' title='bbox 511 697 1157 887; x_wconf 75' lang='lat' dir='ltr'><strong>conrnuvanslayu.</strong></span> 
     </span>
    </p>
   </div>
   <div class='ocr_carea' id='block_1_3' title="bbox 400 999 1274 1068">
    <p class='ocr_par' dir='ltr' id='par_1_3' title="bbox 400 999 1274 1068">
     <span class='ocr_line' id='line_1_3' title="bbox 400 999 1274 1068; baseline -0.003 -17"><span class='ocrx_word' id='word_1_5' title='bbox 400 1003 725 1068; x_wconf 68' lang='grc' dir='ltr'><strong>ΤΥΚΑΝΝΙΟΙΒΑ,</strong></span> <span class='ocrx_word' id='word_1_6' title='bbox 758 1001 809 1050; x_wconf 83' lang='grc' dir='ltr'><strong>ΕΤ</strong></span> <span class='ocrx_word' id='word_1_7' title='bbox 839 999 1035 1050; x_wconf 72' lang='lat' dir='ltr'><strong>nnuma</strong></span> <span class='ocrx_word' id='word_1_8' title='bbox 1067 999 1274 1048; x_wconf 68' lang='lat' dir='ltr'><strong>attatum.</strong></span> 
     </span>
    </p>
   </div>
   <div class='ocr_carea' id='block_1_4' title="bbox 545 1173 1125 1256">
    <p class='ocr_par' dir='ltr' id='par_1_4' title="bbox 545 1173 1125 1256">
     <span class='ocr_line' id='line_1_4' title="bbox 545 1173 1125 1256; baseline -0.009 -19"><span class='ocrx_word' id='word_1_9' title='bbox 545 1175 621 1238; x_wconf 79' lang='lat' dir='ltr'><strong>Lux.</strong></span> <span class='ocrx_word' id='word_1_10' title='bbox 637 1173 837 1256; x_wconf 73' lang='lat' dir='ltr'><strong>Tyrannicida</strong></span> <span class='ocrx_word' id='word_1_11' title='bbox 849 1174 996 1254; x_wconf 69' lang='lat' dir='ltr'><strong>pmmium</strong></span> <span class='ocrx_word' id='word_1_12' title='bbox 1010 1173 1093 1234; x_wconf 86' lang='lat' dir='ltr'><strong>detur</strong></span> <span class='ocrx_word' id='word_1_13' title='bbox 1103 1186 1125 1232; x_wconf 83' lang='lat'><strong>¹.</strong></span> 
     </span>
    </p>
   </div>
   <div class='ocr_carea' id='block_1_5' title="bbox 300 1328 1377 1510">
    <p class='ocr_par' dir='ltr' id='par_1_5' title="bbox 300 1328 1377 1510">
     <span class='ocr_line' id='line_1_5' title="bbox 300 1328 1377 1408; baseline 0 -20"><span class='ocrx_word' id='word_1_14' title='bbox 300 1330 417 1390; x_wconf 67' lang='lat' dir='ltr'><strong>Tanau.</strong></span> <span class='ocrx_word' id='word_1_15' title='bbox 442 1328 480 1390; x_wconf 83' lang='lat' dir='ltr'><strong>Iu</strong></span> <span class='ocrx_word' id='word_1_16' title='bbox 501 1328 639 1389; x_wconf 77' lang='lat' dir='ltr'><strong>adulterio</strong></span> <span class='ocrx_word' id='word_1_17' title='bbox 663 1328 847 1408; x_wconf 73' lang='lat' dir='ltr'><strong>deprehensus</strong></span> <span class='ocrx_word' id='word_1_18' title='bbox 869 1349 890 1386; x_wconf 87' lang='grc' dir='ltr'><em>α</em></span> <span class='ocrx_word' id='word_1_19' title='bbox 910 1337 1048 1408; x_wconf 56' lang='lat' dir='ltr'><strong>munao.</strong></span> <span class='ocrx_word' id='word_1_20' title='bbox 1072 1328 1201 1405; x_wconf 73' lang='lat' dir='ltr'><strong>gladium</strong></span> <span class='ocrx_word' id='word_1_21' title='bbox 1217 1331 1339 1388; x_wconf 68' lang='lat' dir='ltr'><strong>exurat</strong></span> <span class='ocrx_word' id='word_1_22' title='bbox 1359 1351 1377 1388; x_wconf 82' lang='lat' dir='ltr'><strong>a</strong></span> 
     </span>
     <span class='ocr_line' id='line_1_6' title="bbox 380 1425 1280 1510; baseline -0.001 -22"><span class='ocrx_word' id='word_1_23' title='bbox 380 1438 518 1510; x_wconf 78' lang='lat' dir='ltr'><strong>tyranno,</strong></span> <span class='ocrx_word' id='word_1_24' title='bbox 535 1437 565 1486; x_wconf 80' lang='lat' dir='ltr'><strong>et</strong></span> <span class='ocrx_word' id='word_1_25' title='bbox 576 1426 679 1488; x_wconf 81' lang='lat' dir='ltr'><strong>occidit</strong></span> <span class='ocrx_word' id='word_1_26' title='bbox 693 1447 766 1486; x_wconf 86' lang='lat' dir='ltr'><strong>eum.</strong></span> <span class='ocrx_word' id='word_1_27' title='bbox 793 1425 870 1487; x_wconf 77' lang='lat' dir='ltr'><strong>Peat</strong></span> <span class='ocrx_word' id='word_1_28' title='bbox 881 1429 1041 1508; x_wconf 67' lang='lat' dir='ltr'><strong>preamium.</strong></span> <span class='ocrx_word' id='word_1_29' title='bbox 1062 1425 1280 1489; x_wconf 56' lang='lat' dir='ltr'><strong>Comatam</strong></span> 
     </span>
    </p>
   </div>
   <div class='ocr_carea' id='block_1_6' title="bbox 349 1591 1377 1698">
    <p class='ocr_par' dir='ltr' id='par_1_6' title="bbox 349 1591 1377 1698">
     <span class='ocr_line' id='line_1_7' title="bbox 349 1591 1377 1698; baseline -0.002 -24"><span class='ocrx_word' id='word_1_30' title='bbox 349 1603 532 1674; x_wconf 78' lang='lat' dir='ltr'><strong>CONTRA</strong></span> <span class='ocrx_word' id='word_1_31' title='bbox 551 1604 908 1673; x_wconf 79' lang='lat' dir='ltr'><strong>TYRANMCIDAM.</strong></span> <span class='ocrx_word' id='word_1_32' title='bbox 932 1591 1008 1673; x_wconf 90' lang='lat' dir='ltr'><strong>Non</strong></span> <span class='ocrx_word' id='word_1_33' title='bbox 1025 1604 1160 1674; x_wconf 72' lang='lat' dir='ltr'>fecisset</span> <span class='ocrx_word' id='word_1_34' title='bbox 1183 1605 1377 1698; x_wconf 86' lang='lat' dir='ltr'><strong>tyrannici·</strong></span> 
     </span>
    </p>
   </div>
   <div class='ocr_carea' id='block_1_7' title="bbox 265 1711 1380 3668">
    <p class='ocr_par' dir='ltr' id='par_1_7' title="bbox 265 1711 1380 3668">
     <span class='ocr_line' id='line_1_8' title="bbox 300 1711 1376 1817; baseline 0.001 -26"><span class='ocrx_word' id='word_1_35' title='bbox 300 1722 420 1804; x_wconf 90' lang='lat' dir='ltr'><strong>dium,</strong></span> <span class='ocrx_word' id='word_1_36' title='bbox 446 1722 514 1788; x_wconf 84' lang='lat' dir='ltr'><strong>niai</strong></span> <span class='ocrx_word' id='word_1_37' title='bbox 531 1719 628 1788; x_wconf 87' lang='lat' dir='ltr'><strong>illum</strong></span> <span class='ocrx_word' id='word_1_38' title='bbox 652 1735 818 1814; x_wconf 84' lang='lat' dir='ltr'><strong>tyrannus</strong></span> <span class='ocrx_word' id='word_1_39' title='bbox 837 1711 1011 1804; x_wconf 74' lang='lat' dir='ltr'><strong>armasset.</strong></span> <span class='ocrx_word' id='word_1_40' title='bbox 1032 1721 1138 1817; x_wconf 80' lang='lat' dir='ltr'><strong>Cujus</strong></span> <span class='ocrx_word' id='word_1_41' title='bbox 1154 1722 1292 1792; x_wconf 78' lang='lat' dir='ltr'>adulter</span> <span class='ocrx_word' id='word_1_42' title='bbox 1306 1747 1376 1794; x_wconf 88' lang='lat' dir='ltr'><strong>non</strong></span> 
     </span>
     <span class='ocr_line' id='line_1_9' title="bbox 301 1835 1377 1930; baseline 0.002 -26"><span class='ocrx_word' id='word_1_43' title='bbox 301 1838 381 1919; x_wconf 79' lang='lat' dir='ltr'><strong>fuit,</strong></span> <span class='ocrx_word' id='word_1_44' title='bbox 405 1837 465 1928; x_wconf 91' lang='lat' dir='ltr'><strong>qui</strong></span> <span class='ocrx_word' id='word_1_45' title='bbox 487 1835 588 1905; x_wconf 84' lang='lat' dir='ltr'><strong>etiam</strong></span> <span class='ocrx_word' id='word_1_46' title='bbox 611 1837 749 1928; x_wconf 90' lang='lat' dir='ltr'><strong>tyranni</strong></span> <span class='ocrx_word' id='word_1_47' title='bbox 773 1835 864 1904; x_wconf 76' lang='lat' dir='ltr'><strong>tuit?</strong></span> <span class='ocrx_word' id='word_1_48' title='bbox 887 1835 1034 1930; x_wconf 78' lang='lat' dir='ltr'>Imputat</span> <span class='ocrx_word' id='word_1_49' title='bbox 1055 1837 1177 1922; x_wconf 82' lang='lat' dir='ltr'><strong>nobia,</strong></span> <span class='ocrx_word' id='word_1_50' title='bbox 1197 1837 1292 1930; x_wconf 87' lang='lat' dir='ltr'><strong>qnod</strong></span> <span class='ocrx_word' id='word_1_51' title='bbox 1314 1837 1377 1906; x_wconf 86' lang='lat' dir='ltr'><strong>dc·</strong></span> 
     </span>
     <span class='ocr_line' id='line_1_10' title="bbox 300 1937 1377 2048; baseline 0.001 -27"><span class='ocrx_word' id='word_1_52' title='bbox 300 1952 491 2048; x_wconf 80' lang='lat' dir='ltr'><strong>prehensus</strong></span> <span class='ocrx_word' id='word_1_53' title='bbox 509 1953 546 2019; x_wconf 90' lang='lat' dir='ltr'><strong>iu</strong></span> <span class='ocrx_word' id='word_1_54' title='bbox 562 1951 732 2020; x_wconf 86' lang='lat' dir='ltr'><strong>adulterio</strong></span> <span class='ocrx_word' id='word_1_55' title='bbox 756 1952 842 2019; x_wconf 89' lang='lat' dir='ltr'><strong>mori</strong></span> <span class='ocrx_word' id='word_1_56' title='bbox 866 1951 990 2044; x_wconf 86' lang='lat' dir='ltr'><strong>noluit.</strong></span> <span class='ocrx_word' id='word_1_57' title='bbox 1006 1953 1237 2046; x_wconf 74' lang='lat' dir='ltr'><strong>Tyrannicida</strong></span> <span class='ocrx_word' id='word_1_58' title='bbox 1257 1937 1377 2022; x_wconf 60' lang='lat' dir='ltr'><strong>deuter</strong></span> 
     </span>
     <span class='ocr_line' id='line_1_11' title="bbox 297 2065 1376 2163; baseline 0.003 -28"><span class='ocrx_word' id='word_1_59' title='bbox 297 2069 377 2163; x_wconf 85' lang='lat' dir='ltr'><strong>jure</strong></span> <span class='ocrx_word' id='word_1_60' title='bbox 402 2065 513 2137; x_wconf 88' lang='lat' dir='ltr'><strong>occidi</strong></span> <span class='ocrx_word' id='word_1_61' title='bbox 532 2068 645 2161; x_wconf 91' lang='lat' dir='ltr'><strong>potuit</strong></span> <span class='ocrx_word' id='word_1_62' title='bbox 660 2091 682 2136; x_wconf 94' lang='lat' dir='ltr'><strong>a</strong></span> <span class='ocrx_word' id='word_1_63' title='bbox 698 2083 858 2162; x_wconf 77' lang='lat' dir='ltr'>tyranno.</span> <span class='ocrx_word' id='word_1_64' title='bbox 878 2069 1057 2138; x_wconf 79' lang='lat' dir='ltr'><strong>Certamen</strong></span> <span class='ocrx_word' id='word_1_65' title='bbox 1077 2070 1113 2138; x_wconf 89' lang='lat' dir='ltr'><strong>in</strong></span> <span class='ocrx_word' id='word_1_66' title='bbox 1136 2071 1231 2163; x_wconf 85' lang='lat' dir='ltr'><strong>pari¹</strong></span> <span class='ocrx_word' id='word_1_67' title='bbox 1248 2071 1376 2139; x_wconf 88' lang='lat' dir='ltr'><strong>condi-</strong></span> 
     </span>
     <span class='ocr_line' id='line_1_12' title="bbox 300 2183 1379 2277; baseline 0.004 -25"><span class='ocrx_word' id='word_1_68' title='bbox 300 2186 395 2253; x_wconf 82' lang='lat' dir='ltr'>tione</span> <span class='ocrx_word' id='word_1_69' title='bbox 410 2189 620 2252; x_wconf 86' lang='lat' dir='ltr'><strong>contractum</strong></span> <span class='ocrx_word' id='word_1_70' title='bbox 634 2183 773 2277; x_wconf 86' lang='lat' dir='ltr'><strong>publica</strong></span> <span class='ocrx_word' id='word_1_71' title='bbox 788 2184 924 2252; x_wconf 81' lang='lat' dir='ltr'><strong>fortuna</strong></span> <span class='ocrx_word' id='word_1_72' title='bbox 937 2183 1105 2257; x_wconf 74' lang='lat' dir='ltr'><strong>distraxit.</strong></span> <span class='ocrx_word' id='word_1_73' title='bbox 1121 2189 1195 2255; x_wconf 88' lang='lat' dir='ltr'><strong>Non</strong></span> <span class='ocrx_word' id='word_1_74' title='bbox 1207 2187 1379 2256; x_wconf 80' lang='lat' dir='ltr'><strong>innocen·</strong></span> 
     </span>
     <span class='ocr_line' id='line_1_13' title="bbox 302 2294 1379 2393; baseline 0.007 -29"><span class='ocrx_word' id='word_1_75' title='bbox 302 2296 372 2364; x_wconf 91' lang='lat' dir='ltr'><strong>tior</strong></span> <span class='ocrx_word' id='word_1_76' title='bbox 385 2297 484 2380; x_wconf 83' lang='lat' dir='ltr'><strong>vicit,</strong></span> <span class='ocrx_word' id='word_1_77' title='bbox 500 2296 561 2384; x_wconf 81' lang='lat' dir='ltr'><strong>aed</strong></span> <span class='ocrx_word' id='word_1_78' title='bbox 575 2294 707 2365; x_wconf 82' lang='lat' dir='ltr'><strong>fortior.</strong></span> <span class='ocrx_word' id='word_1_79' title='bbox 723 2297 821 2366; x_wconf 85' lang='lat' dir='ltr'>Tulit</span> <span class='ocrx_word' id='word_1_80' title='bbox 834 2321 948 2366; x_wconf 85' lang='lat' dir='ltr'><strong>aecum</strong></span> <span class='ocrx_word' id='word_1_81' title='bbox 961 2314 1126 2392; x_wconf 87' lang='lat' dir='ltr'><strong>tyrannua</strong></span> <span class='ocrx_word' id='word_1_82' title='bbox 1139 2300 1310 2393; x_wconf 65' lang='lat' dir='ltr'><strong>gladium</strong></span> <span class='ocrx_word' id='word_1_83' title='bbox 1328 2303 1379 2372; x_wconf 74' lang='lat' dir='ltr'><strong>cic</strong></span> 
     </span>
     <span class='ocr_line' id='line_1_14' title="bbox 300 2413 1380 2511; baseline 0.005 -29"><span class='ocrx_word' id='word_1_84' title='bbox 300 2415 393 2482; x_wconf 84' lang='lat' dir='ltr'><strong>enim</strong></span> <span class='ocrx_word' id='word_1_85' title='bbox 419 2415 565 2498; x_wconf 84' lang='lat' dir='ltr'><strong>occisuri</strong></span> <span class='ocrx_word' id='word_1_86' title='bbox 592 2413 747 2484; x_wconf 85' lang='lat' dir='ltr'><strong>veniunt.</strong></span> <span class='ocrx_word' id='word_1_87' title='bbox 776 2417 848 2483; x_wconf 88' lang='lat' dir='ltr'><strong>Cur</strong></span> <span class='ocrx_word' id='word_1_88' title='bbox 870 2415 959 2484; x_wconf 76' lang='lat' dir='ltr'><strong>solua</strong></span> <span class='ocrx_word' id='word_1_89' title='bbox 986 2413 1032 2484; x_wconf 93' lang='lat' dir='ltr'><strong>ad</strong></span> <span class='ocrx_word' id='word_1_90' title='bbox 1058 2419 1230 2511; x_wconf 70' lang='lat' dir='ltr'><strong>praemium</strong></span> <span class='ocrx_word' id='word_1_91' title='bbox 1250 2419 1380 2487; x_wconf 81' lang='lat' dir='ltr'><strong>venia?</strong></span> 
     </span>
     <span class='ocr_line' id='line_1_15' title="bbox 300 2528 1375 2622; baseline 0.006 -27"><span class='ocrx_word' id='word_1_92' title='bbox 300 2545 482 2622; x_wconf 77' lang='lat' dir='ltr'><strong>tyrannum</strong></span> <span class='ocrx_word' id='word_1_93' title='bbox 508 2545 601 2599; x_wconf 80' lang='lat' dir='ltr'><strong>certe</strong></span> <span class='ocrx_word' id='word_1_94' title='bbox 624 2529 778 2598; x_wconf 81' lang='lat' dir='ltr'><strong>occidisti</strong></span> <span class='ocrx_word' id='word_1_95' title='bbox 808 2552 885 2600; x_wconf 88' lang='lat' dir='ltr'><strong>cum</strong></span> <span class='ocrx_word' id='word_1_96' title='bbox 908 2528 1074 2600; x_wconf 88' lang='lat' dir='ltr'><strong>adultera.</strong></span> <span class='ocrx_word' id='word_1_97' title='bbox 1099 2535 1175 2600; x_wconf 90' lang='lat' dir='ltr'><strong>Non</strong></span> <span class='ocrx_word' id='word_1_98' title='bbox 1204 2531 1375 2616; x_wconf 86' lang='lat' dir='ltr'><strong>loricam,</strong></span> 
     </span>
     <span class='ocr_line' id='line_1_16' title="bbox 299 2643 1375 2741; baseline 0.003 -26"><span class='ocrx_word' id='word_1_99' title='bbox 299 2644 500 2738; x_wconf 83' lang='lat' dir='ltr'><strong>clypeumvc</strong></span> <span class='ocrx_word' id='word_1_100' title='bbox 516 2648 677 2740; x_wconf 77' lang='lat' dir='ltr'>sumpsit,</span> <span class='ocrx_word' id='word_1_101' title='bbox 698 2645 759 2714; x_wconf 85' lang='lat' dir='ltr'><strong>aad</strong></span> <span class='ocrx_word' id='word_1_102' title='bbox 771 2661 905 2714; x_wconf 85' lang='lat' dir='ltr'><strong>tenuem</strong></span> <span class='ocrx_word' id='word_1_103' title='bbox 919 2669 959 2714; x_wconf 87' lang='lat' dir='ltr'><strong>ac</strong></span> <span class='ocrx_word' id='word_1_104' title='bbox 972 2647 1181 2741; x_wconf 79' lang='lat' dir='ltr'><strong>perlucidam</strong></span> <span class='ocrx_word' id='word_1_105' title='bbox 1194 2643 1347 2718; x_wconf 78' lang='lat' dir='ltr'><strong>reatem⁵</strong></span> <span class='ocrx_word' id='word_1_106' title='bbox 1366 2679 1375 2718; x_wconf 74' lang='grc' dir='ltr'><strong>ι</strong></span> 
     </span>
     <span class='ocr_line' id='line_1_17' title="bbox 301 2761 1377 2857; baseline 0.005 -28"><span class='ocrx_word' id='word_1_107' title='bbox 301 2761 464 2854; x_wconf 72' lang='lat' dir='ltr'><strong>perfusos</strong></span> <span class='ocrx_word' id='word_1_108' title='bbox 490 2778 666 2857; x_wconf 77' lang='lat' dir='ltr'><strong>unguento</strong></span> <span class='ocrx_word' id='word_1_109' title='bbox 702 2762 841 2830; x_wconf 84' lang='lat' dir='ltr'><strong>intravit</strong></span> <span class='ocrx_word' id='word_1_110' title='bbox 882 2761 1099 2849; x_wconf 86' lang='lat' dir='ltr'><strong>cubiculum,</strong></span> <span class='ocrx_word' id='word_1_111' title='bbox 1128 2765 1165 2832; x_wconf 90' lang='lat' dir='ltr'><strong>iu</strong></span> <span class='ocrx_word' id='word_1_112' title='bbox 1206 2787 1273 2855; x_wconf 90' lang='lat' dir='ltr'><strong>quo</strong></span> <span class='ocrx_word' id='word_1_113' title='bbox 1300 2789 1377 2834; x_wconf 88' lang='lat' dir='ltr'><strong>non</strong></span> 
     </span>
     <span class='ocr_line' id='line_1_18' title="bbox 301 2877 1378 2974; baseline 0.003 -27"><span class='ocrx_word' id='word_1_114' title='bbox 301 2901 375 2947; x_wconf 84' lang='lat' dir='ltr'><strong>eaac</strong></span> <span class='ocrx_word' id='word_1_115' title='bbox 391 2895 574 2971; x_wconf 88' lang='lat' dir='ltr'><strong>tyrannum</strong></span> <span class='ocrx_word' id='word_1_116' title='bbox 588 2877 772 2972; x_wconf 80' lang='lat' dir='ltr'><strong>diligenter</strong></span> <span class='ocrx_word' id='word_1_117' title='bbox 787 2895 982 2970; x_wconf 80' lang='lat' dir='ltr'><strong>agnoverat.</strong></span> <span class='ocrx_word' id='word_1_118' title='bbox 1004 2877 1236 2974; x_wconf 76' lang='lat' dir='ltr'><strong>Tyrannicida</strong></span> <span class='ocrx_word' id='word_1_119' title='bbox 1256 2897 1378 2950; x_wconf 78' lang='lat' dir='ltr'><strong>noster</strong></span> 
     </span>
     <span class='ocr_line' id='line_1_19' title="bbox 265 2989 1378 3090; baseline 0.003 -26"><span class='ocrx_word' id='word_1_120' title='bbox 265 3029 274 3038; x_wconf 87' lang='lat'><strong>·</strong></span> <span class='ocrx_word' id='word_1_121' title='bbox 302 3020 346 3065; x_wconf 84' lang='lat' dir='ltr'><strong>na</strong></span> <span class='ocrx_word' id='word_1_122' title='bbox 368 2989 550 3089; x_wconf 82' lang='lat' dir='ltr'><strong>tyrannum</strong></span> <span class='ocrx_word' id='word_1_123' title='bbox 564 2996 756 3079; x_wconf 81' lang='lat' dir='ltr'><strong>inveniret,</strong></span> <span class='ocrx_word' id='word_1_124' title='bbox 778 2997 917 3089; x_wconf 85' lang='lat' dir='ltr'><strong>optavit.</strong></span> <span class='ocrx_word' id='word_1_125' title='bbox 941 2999 1050 3066; x_wconf 87' lang='lat' dir='ltr'><strong>Ducat</strong></span> <span class='ocrx_word' id='word_1_126' title='bbox 1070 2995 1319 3090; x_wconf 81' lang='lat' dir='ltr'><strong>tyrannicidam</strong></span> <span class='ocrx_word' id='word_1_127' title='bbox 1337 2999 1378 3068; x_wconf 90' lang='lat' dir='ltr'><strong>in</strong></span> 
     </span>
     <span class='ocr_line' id='line_1_20' title="bbox 301 3111 1379 3203; baseline 0.003 -25"><span class='ocrx_word' id='word_1_128' title='bbox 301 3133 417 3178; x_wconf 85' lang='lat' dir='ltr'><strong>arcem</strong></span> <span class='ocrx_word' id='word_1_129' title='bbox 431 3128 617 3203; x_wconf 72' lang='lat' dir='ltr'><strong>tyrannus,</strong></span> <span class='ocrx_word' id='word_1_130' title='bbox 633 3133 704 3178; x_wconf 90' lang='lat' dir='ltr'><strong>non</strong></span> <span class='ocrx_word' id='word_1_131' title='bbox 726 3132 809 3179; x_wconf 81' lang='lat' dir='ltr'><strong>uxor</strong></span> <span class='ocrx_word' id='word_1_132' title='bbox 825 3140 835 3197; x_wconf 82' lang='lat'>3</span> <span class='ocrx_word' id='word_1_133' title='bbox 858 3111 992 3193; x_wconf 88' lang='lat' dir='ltr'><strong>odium,</strong></span> <span class='ocrx_word' id='word_1_134' title='bbox 1022 3135 1090 3181; x_wconf 91' lang='lat' dir='ltr'><strong>non</strong></span> <span class='ocrx_word' id='word_1_135' title='bbox 1115 3135 1211 3181; x_wconf 88' lang='lat' dir='ltr'><strong>amor</strong></span> <span class='ocrx_word' id='word_1_136' title='bbox 1226 3139 1234 3179; x_wconf 91' lang='lat'>:</span> <span class='ocrx_word' id='word_1_137' title='bbox 1249 3135 1379 3181; x_wconf 73' lang='lat' dir='ltr'><strong>accen-</strong></span> 
     </span>
     <span class='ocr_line' id='line_1_21' title="bbox 307 3225 1377 3309; baseline 0.004 -15"><span class='ocrx_word' id='word_1_138' title='bbox 307 3251 407 3296; x_wconf 75' lang='lat' dir='ltr'><strong>surus</strong></span> <span class='ocrx_word' id='word_1_139' title='bbox 436 3225 522 3296; x_wconf 80' lang='lat' dir='ltr'><strong>ferat</strong></span> <span class='ocrx_word' id='word_1_140' title='bbox 548 3228 719 3308; x_wconf 88' lang='lat' dir='ltr'><strong>animum,</strong></span> <span class='ocrx_word' id='word_1_141' title='bbox 748 3225 836 3294; x_wconf 85' lang='lat' dir='ltr'><strong>ferat</strong></span> <span class='ocrx_word' id='word_1_142' title='bbox 864 3226 1017 3294; x_wconf 85' lang='lat' dir='ltr'><strong>ferrum:</strong></span> <span class='ocrx_word' id='word_1_143' title='bbox 1044 3225 1204 3309; x_wconf 85' lang='lat' dir='ltr'><strong>catillo,</strong></span> <span class='ocrx_word' id='word_1_144' title='bbox 1230 3228 1288 3296; x_wconf 89' lang='lat' dir='ltr'><strong>ubi</strong></span> <span class='ocrx_word' id='word_1_145' title='bbox 1317 3230 1377 3298; x_wconf 89' lang='lat' dir='ltr'><strong>in·</strong></span> 
     </span>
     <span class='ocr_line' id='line_1_22' title="bbox 303 3340 1367 3435; baseline 0 -23"><span class='ocrx_word' id='word_1_146' title='bbox 303 3345 417 3412; x_wconf 81' lang='lat' dir='ltr'><strong>veniat</strong></span> <span class='ocrx_word' id='word_1_147' title='bbox 432 3358 627 3435; x_wconf 89' lang='lat' dir='ltr'><strong>tyrannum.</strong></span> <span class='ocrx_word' id='word_1_148' title='bbox 638 3341 762 3409; x_wconf 91' lang='lat' dir='ltr'><strong>Omnia</strong></span> <span class='ocrx_word' id='word_1_149' title='bbox 775 3340 917 3409; x_wconf 75' lang='lat' dir='ltr'><strong>honesta</strong></span> <span class='ocrx_word' id='word_1_150' title='bbox 927 3365 1031 3434; x_wconf 86' lang='lat' dir='ltr'><strong>opera</strong></span> <span class='ocrx_word' id='word_1_151' title='bbox 1044 3341 1200 3410; x_wconf 75' lang='lat' dir='ltr'><strong>voluutas</strong></span> <span class='ocrx_word' id='word_1_152' title='bbox 1212 3343 1367 3430; x_wconf 85' lang='lat' dir='ltr'><strong>inchoat,</strong></span> 
     </span>
     <span class='ocr_line' id='line_1_23' title="bbox 303 3455 1374 3551; baseline 0.002 -25"><span class='ocrx_word' id='word_1_153' title='bbox 303 3461 436 3526; x_wconf 80' lang='lat' dir='ltr'><strong>occasio</strong></span> <span class='ocrx_word' id='word_1_154' title='bbox 458 3457 608 3551; x_wconf 86' lang='lat' dir='ltr'><strong>perficit.</strong></span> <span class='ocrx_word' id='word_1_155' title='bbox 642 3458 736 3551; x_wconf 79' lang='lat' dir='ltr'><strong>Saepc</strong></span> <span class='ocrx_word' id='word_1_156' title='bbox 761 3455 928 3528; x_wconf 87' lang='lat' dir='ltr'><strong>honorata</strong></span> <span class='ocrx_word' id='word_1_157' title='bbox 953 3459 1060 3526; x_wconf 72' lang='lat' dir='ltr'><strong>virtus</strong></span> <span class='ocrx_word' id='word_1_158' title='bbox 1083 3473 1150 3541; x_wconf 81' lang='lat' dir='ltr'><strong>est,</strong></span> <span class='ocrx_word' id='word_1_159' title='bbox 1177 3461 1278 3527; x_wconf 87' lang='lat' dir='ltr'><strong>etiam</strong></span> <span class='ocrx_word' id='word_1_160' title='bbox 1311 3459 1374 3528; x_wconf 85' lang='lat' dir='ltr'><strong>ubi</strong></span> 
     </span>
     <span class='ocr_line' id='line_1_24' title="bbox 301 3573 1373 3668; baseline -0.001 -23"><span class='ocrx_word' id='word_1_161' title='bbox 301 3601 375 3646; x_wconf 87' lang='lat' dir='ltr'><strong>eam</strong></span> <span class='ocrx_word' id='word_1_162' title='bbox 404 3575 525 3644; x_wconf 82' lang='lat' dir='ltr'><strong>fefellit</strong></span> <span class='ocrx_word' id='word_1_163' title='bbox 547 3577 668 3642; x_wconf 80' lang='lat' dir='ltr'><strong>exitus.</strong></span> <span class='ocrx_word' id='word_1_164' title='bbox 695 3573 831 3643; x_wconf 86' lang='lat' dir='ltr'><strong>Scelera</strong></span> <span class='ocrx_word' id='word_1_165' title='bbox 855 3599 991 3667; x_wconf 83' lang='lat' dir='ltr'><strong>quoquc</strong></span> <span class='ocrx_word' id='word_1_166' title='bbox 1014 3575 1168 3668; x_wconf 73' lang='lat' dir='ltr'><strong>quamvis</strong></span> <span class='ocrx_word' id='word_1_167' title='bbox 1191 3575 1278 3644; x_wconf 87' lang='lat' dir='ltr'><strong>citra</strong></span> <span class='ocrx_word' id='word_1_168' title='bbox 1298 3579 1373 3645; x_wconf 83' lang='lat' dir='ltr'><strong>exi-</strong></span> 
     </span>
    </p>
   </div>
   <div class='ocr_carea' id='block_1_8' title="bbox 302 3764 1374 4229">
    <p class='ocr_par' dir='ltr' id='par_1_8' title="bbox 302 3764 1374 4229">
     <span class='ocr_line' id='line_1_25' title="bbox 342 3764 1373 3842; baseline 0.003 -21"><span class='ocrx_word' id='word_1_169' title='bbox 342 3767 522 3821; x_wconf 81' lang='lat' dir='ltr'><strong>1.Proemium</strong></span> <span class='ocrx_word' id='word_1_170' title='bbox 538 3766 614 3818; x_wconf 80' lang='lat' dir='ltr'><strong>detur</strong></span> <span class='ocrx_word' id='word_1_171' title='bbox 632 3764 752 3818; x_wconf 86' lang='lat' dir='ltr'><strong>omittunt</strong></span> <span class='ocrx_word' id='word_1_172' title='bbox 769 3765 816 3818; x_wconf 88' lang='lat' dir='ltr'><strong>lib.</strong></span> <span class='ocrx_word' id='word_1_173' title='bbox 863 3765 1005 3820; x_wconf 72' lang='lat' dir='ltr'><strong>«Infelices</strong></span> <span class='ocrx_word' id='word_1_174' title='bbox 1024 3766 1172 3822; x_wconf 78' lang='lat' dir='ltr'><strong>ancillarum</strong></span> <span class='ocrx_word' id='word_1_175' title='bbox 1190 3787 1280 3842; x_wconf 66' lang='lat' dir='ltr'><strong>grogn</strong></span> <span class='ocrx_word' id='word_1_176' title='bbox 1295 3770 1373 3824; x_wconf 71' lang='lat' dir='ltr'><strong>labo-</strong></span> 
     </span>
     <span class='ocr_line' id='line_1_26' title="bbox 305 3841 1372 3922; baseline 0.001 -21"><span class='ocrx_word' id='word_1_177' title='bbox 305 3859 354 3902; x_wconf 71' lang='lat' dir='ltr'><strong>tres</strong></span> <span class='ocrx_word' id='word_1_178' title='bbox 367 3857 450 3906; x_wconf 64' lang='grc' dir='ltr'><strong>[πως</strong></span> <span class='ocrx_word' id='word_1_179' title='bbox 470 3856 494 3897; x_wconf 85' lang='lat' dir='ltr'><strong>ct</strong></span> <span class='ocrx_word' id='word_1_180' title='bbox 506 3862 564 3896; x_wconf 79' lang='lat' dir='ltr'><strong>mox</strong></span> <span class='ocrx_word' id='word_1_181' title='bbox 574 3847 641 3910; x_wconf 79' lang='lat' dir='ltr'><strong>petit</strong></span> <span class='ocrx_word' id='word_1_182' title='bbox 654 3841 697 3896; x_wconf 80' lang='lat' dir='ltr'><strong>tib.</strong></span> <span class='ocrx_word' id='word_1_183' title='bbox 709 3855 758 3896; x_wconf 74' lang='lat' dir='ltr'><strong>tras</strong></span> <span class='ocrx_word' id='word_1_184' title='bbox 768 3863 813 3916; x_wconf 86' lang='lat' dir='ltr'><strong>pro</strong></span> <span class='ocrx_word' id='word_1_185' title='bbox 862 3857 935 3910; x_wconf 79' lang='lat' dir='ltr'><strong>rant,</strong></span> <span class='ocrx_word' id='word_1_186' title='bbox 948 3856 976 3896; x_wconf 90' lang='lat' dir='ltr'><strong>ut</strong></span> <span class='ocrx_word' id='word_1_187' title='bbox 987 3845 1099 3899; x_wconf 80' lang='lat' dir='ltr'><strong>adultera</strong></span> <span class='ocrx_word' id='word_1_188' title='bbox 1111 3846 1182 3899; x_wconf 77' lang='lat' dir='ltr'><strong>tenui</strong></span> <span class='ocrx_word' id='word_1_189' title='bbox 1193 3861 1262 3900; x_wconf 74' lang='lat' dir='ltr'><strong>veste</strong></span> <span class='ocrx_word' id='word_1_190' title='bbox 1273 3849 1372 3922; x_wconf 75' lang='lat' dir='ltr'><strong>penpi-</strong></span> 
     </span>
     <span class='ocr_line' id='line_1_27' title="bbox 303 3921 1374 3996; baseline 0 -16"><span class='ocrx_word' id='word_1_191' title='bbox 303 3927 387 3996; x_wconf 74' lang='lat' dir='ltr'><strong>petia.</strong></span> <span class='ocrx_word' id='word_1_192' title='bbox 399 3923 501 3977; x_wconf 72' lang='lat' dir='ltr'><strong>Metius.</strong></span> <span class='ocrx_word' id='word_1_193' title='bbox 510 3921 607 3976; x_wconf 77' lang='lat' dir='ltr'><strong>Scholt.</strong></span> <span class='ocrx_word' id='word_1_194' title='bbox 823 3953 825 3960; x_wconf 45' lang='grc' dir='ltr'><strong>ν</strong></span> <span class='ocrx_word' id='word_1_195' title='bbox 864 3943 910 3976; x_wconf 84' lang='lat' dir='ltr'><strong>cua</strong></span> <span class='ocrx_word' id='word_1_196' title='bbox 920 3923 978 3977; x_wconf 72' lang='lat' dir='ltr'><strong>sit.»</strong></span> <span class='ocrx_word' id='word_1_197' title='bbox 989 3925 1052 3976; x_wconf 79' lang='lat' dir='ltr'><strong>Item</strong></span> <span class='ocrx_word' id='word_1_198' title='bbox 1060 3923 1182 3978; x_wconf 83' lang='lat' dir='ltr'><strong>Controv.</strong></span> <span class='ocrx_word' id='word_1_199' title='bbox 1191 3941 1225 3994; x_wconf 81' lang='lat'><strong>9:</strong></span> <span class='ocrx_word' id='word_1_200' title='bbox 1237 3927 1374 3980; x_wconf 77' lang='lat' dir='ltr'><strong>‹Maden-</strong></span> 
     </span>
     <span class='ocr_line' id='line_1_28' title="bbox 343 3997 1373 4074; baseline 0.003 -21"><span class='ocrx_word' id='word_1_201' title='bbox 343 4023 366 4053; x_wconf 77' lang='lat' dir='ltr'><strong>n.</strong></span> <span class='ocrx_word' id='word_1_202' title='bbox 378 4001 415 4056; x_wconf 74' lang='grc' dir='ltr'><strong>1η</strong></span> <span class='ocrx_word' id='word_1_203' title='bbox 424 4004 494 4071; x_wconf 77' lang='lat' dir='ltr'><strong>pori·</strong></span> <span class='ocrx_word' id='word_1_204' title='bbox 509 3999 561 4052; x_wconf 82' lang='lat' dir='ltr'><strong>alii</strong></span> <span class='ocrx_word' id='word_1_205' title='bbox 573 4001 676 4070; x_wconf 80' lang='lat' dir='ltr'><strong>impari.</strong></span> <span class='ocrx_word' id='word_1_206' title='bbox 686 3997 782 4051; x_wconf 72' lang='lat' dir='ltr'><strong>Schott.</strong></span> <span class='ocrx_word' id='word_1_207' title='bbox 863 4011 914 4053; x_wconf 76' lang='lat' dir='ltr'><strong>tem</strong></span> <span class='ocrx_word' id='word_1_208' title='bbox 923 3999 1059 4072; x_wconf 77' lang='lat' dir='ltr'><strong>unguentis</strong></span> <span class='ocrx_word' id='word_1_209' title='bbox 1067 4000 1188 4056; x_wconf 73' lang='lat' dir='ltr'><strong>hesternis</strong></span> <span class='ocrx_word' id='word_1_210' title='bbox 1203 4003 1273 4074; x_wconf 70' lang='lat' dir='ltr'><strong>(lego</strong></span> <span class='ocrx_word' id='word_1_211' title='bbox 1283 4015 1373 4058; x_wconf 59' lang='lat' dir='ltr'><strong>exter*</strong></span> 
     </span>
     <span class='ocr_line' id='line_1_29' title="bbox 341 4075 1374 4147; baseline 0.006 -21"><span class='ocrx_word' id='word_1_212' title='bbox 341 4076 366 4129; x_wconf 90' lang='lat'><strong>3.</strong></span> <span class='ocrx_word' id='word_1_213' title='bbox 379 4077 549 4131; x_wconf 70' lang='lat' dir='ltr'><strong>perlucidam</strong></span> <span class='ocrx_word' id='word_1_214' title='bbox 567 4087 665 4130; x_wconf 82' lang='lat' dir='ltr'><strong>vestem</strong></span> <span class='ocrx_word' id='word_1_215' title='bbox 676 4075 816 4147; x_wconf 69' lang='lat' dir='ltr'><strong>:perfusus</strong></span> <span class='ocrx_word' id='word_1_216' title='bbox 864 4080 932 4142; x_wconf 76' lang='lat' dir='ltr'><strong>nis),</strong></span> <span class='ocrx_word' id='word_1_217' title='bbox 949 4080 1158 4134; x_wconf 79' lang='lat' dir='ltr'><strong>convulneratum</strong></span> <span class='ocrx_word' id='word_1_218' title='bbox 1170 4079 1320 4134; x_wconf 75' lang='lat' dir='ltr'><strong>libidinibus</strong></span> <span class='ocrx_word' id='word_1_219' title='bbox 1331 4099 1339 4133; x_wconf 91' lang='lat'><strong>:</strong></span> <span class='ocrx_word' id='word_1_220' title='bbox 1350 4094 1374 4132; x_wconf 83' lang='lat' dir='ltr'><strong>et</strong></span> 
     </span>
     <span class='ocr_line' id='line_1_30' title="bbox 302 4154 1372 4229; baseline 0.005 -24"><span class='ocrx_word' id='word_1_221' title='bbox 302 4165 441 4224; x_wconf 75' lang='lat' dir='ltr'><strong>uttguento.</strong></span> <span class='ocrx_word' id='word_1_222' title='bbox 461 4155 522 4229; x_wconf 80' lang='lat' dir='ltr'><strong>Sap.</strong></span> <span class='ocrx_word' id='word_1_223' title='bbox 542 4155 584 4209; x_wconf 86' lang='lat' dir='ltr'><strong>iib.</strong></span> <span class='ocrx_word' id='word_1_224' title='bbox 600 4155 642 4218; x_wconf 84' lang='lat' dir='ltr'><strong>ll,</strong></span> <span class='ocrx_word' id='word_1_225' title='bbox 653 4154 769 4208; x_wconf 80' lang='lat' dir='ltr'><strong>Daciam.</strong></span> <span class='ocrx_word' id='word_1_226' title='bbox 784 4175 796 4224; x_wconf 87' lang='lat'><strong>7</strong></span> <span class='ocrx_word' id='word_1_227' title='bbox 809 4171 816 4206; x_wconf 72' lang='grc' dir='ltr'><strong><em>τ</em></strong></span> <span class='ocrx_word' id='word_1_228' title='bbox 865 4154 1033 4209; x_wconf 76' lang='lat' dir='ltr'><strong>iuxuriantcm</strong></span> <span class='ocrx_word' id='word_1_229' title='bbox 1045 4156 1159 4210; x_wconf 78' lang='lat' dir='ltr'><strong>habitunt</strong></span> <span class='ocrx_word' id='word_1_230' title='bbox 1170 4181 1185 4206; x_wconf 67' lang='lat' dir='ltr'><strong>a</strong></span> <span class='ocrx_word' id='word_1_231' title='bbox 1198 4159 1268 4212; x_wconf 83' lang='lat' dir='ltr'><strong>dixit.</strong></span> <span class='ocrx_word' id='word_1_232' title='bbox 1280 4159 1372 4214; x_wconf 68' lang='lat' dir='ltr'><strong>SM.</strong></span> 
     </span>
    </p>
   </div>
   <div class='ocr_carea' id='block_1_9' title="bbox 0 0 1448 4768">
    <p class='ocr_par' dir='ltr' id='par_1_9' title="bbox 0 0 1448 4768">
     <span class='ocr_line' id='line_1_31' title="bbox 0 0 1448 4768; baseline 0 0"><span class='ocrx_word' id='word_1_233' title='bbox 0 0 1448 4768; x_wconf 95' lang='lat' dir='ltr'><strong> </strong></span> 
     </span>
    </p>
   </div>
  </div>
 </body>
</html>
