2878 4816
299 457 361 524 188
619 455 667 520 M.
694 450 839 520 ANNAEI
863 448 1043 518 SENECAE

295 604 336 648 ex
349 575 389 648 eo
403 603 439 648 se
456 580 529 648 loco
543 581 789 672 precipitasse,
805 601 845 646 ex
859 601 927 669 quo
940 581 1148 672 praecipitata
1161 581 1277 671 perire
1293 577 1362 649 non

294 709 408 788 posset
426 722 433 760 :
449 697 495 764 Ut
509 691 678 786 quomodo
696 716 761 786 ego
778 693 894 776 illam,
910 693 1040 784 inquit,
1062 694 1148 762 falso
1158 697 1281 762 nuntio
1298 711 1364 763 ter·

294 831 447 892 rueram,
464 809 514 875 sic
529 807 588 875 illa
604 832 657 876 me
671 807 754 874 falso
769 805 922 901 periculo
937 822 1096 875 terreret.

344 929 528 996 unauna
553 939 741 1018 praeceptor
759 937 875 991 noster
899 920 1043 990 licenter
1061 919 1265 990 verbonsus
1288 938 1361 1008 est,

297 1043 377 1109 eatis
402 1061 537 1107 sensum
554 1040 788 1132 exprimente,
810 1061 917 1132 quum
937 1035 1085 1123 diceret,
1104 1060 1242 1106 uxorem
1261 1035 1365 1104 intel÷'

296 1157 418 1225 lexisse
433 1155 543 1222 mariti
557 1155 769 1222 mendacium
788 1181 795 1220 ι
812 1168 865 1238 et,
886 1153 957 1245 ipsa
970 1153 1149 1222 adversum
1169 1153 1366 1220 temerarios

298 1271 412 1340 mariti
426 1271 522 1364 jocos
535 1270 655 1339 relusit
667 1275 692 1338 ¹.

346 1389 442 1455 Hanc
464 1388 727 1454 controversiam
750 1385 887 1454 memini
915 1409 967 1452 me
994 1383 1112 1453 videre
1127 1388 1289 1454 Nssousrr
1305 1385 1366 1451 de-

268 1499 271 1510 '
301 1501 446 1570 clamare
459 1500 551 1594 apud
567 1499 735 1568 rhetorem
754 1499 919 1568 Arellium
935 1501 1102 1584 Fuscum,
1120 1499 1218 1592 cujus
1234 1499 1370 1568 auditor

294 1618 380 1712 ¹fuit.
395 1620 478 1686 Nam
488 1618 646 1686 Latronis
657 1617 842 1684 admirator
855 1630 940 1696 erat,
951 1639 1054 1707 quum
1067 1616 1236 1683 diversum
1247 1637 1370 1707 aeque·

302 1748 396 1801 retur
406 1731 543 1800 dicendi
556 1753 675 1823 genus.
689 1731 842 1802 Habebat
854 1732 945 1799 enim
959 1730 1018 1799 ille
1029 1746 1184 1800 constans
1198 1747 1232 1800 et
1246 1730 1370 1800 decens

303 1863 337 1914 et
364 1845 508 1913 amabile
528 1845 714 1936 ingenium.
742 1845 861 1914 Oratio
883 1844 956 1937 ejus
976 1845 1048 1936 jam
1072 1861 1143 1913 tum
1167 1843 1255 1912 nibil
1278 1847 1371 1915 aliud

303 1974 435 2055 poterat
452 1959 561 2028 videri
575 2011 584 2046 ,
603 1985 704 2054 quam
717 1961 862 2028 solutum
876 1984 1013 2030 carmen
1022 1967 1050 2028 ².
1069 1961 1162 2029 Adeo
1175 1977 1289 2031 autem
1300 1979 1372 2032 stu-

303 2075 397 2145 diose
411 2079 592 2143 Latronem
603 2075 752 2157 audivit,
767 2092 807 2143 ut
820 2077 942 2144 multas
958 2059 1035 2170 ejus
1047 2077 1232 2144 sententias
1246 2079 1284 2144 in
1296 2101 1373 2146 ver-

306 2213 363 2258 sus
372 2212 449 2257 suos
459 2189 682 2256 transtulerit.
697 2191 736 2256 In
748 2184 939 2258 armorum⁵
946 2190 1080 2282 judicio
1092 2188 1224 2257 dixerat
1237 2193 1350 2260 Lamo
1363 2217 1370 2259 :

304 2308 479 2376 Mittamus
495 2307 640 2374 armaio
658 2305 792 2390 hostes,
809 2321 844 2374 et
860 2321 1027 2399 petamus.
1043 2308 1131 2374 Naso
1147 2305 1236 2374 dixit
1254 2331 1262 2374 t

501 2457 575 2506 arm·
587 2422 637 2502 viri
651 2447 849 2502 fortit‘medioe
860 2447 992 2500 mittantur
1004 2447 1032 2500 in
1045 2447 1142 2514 bostem

502 2535 566 2590 lude
577 2533 661 2606 jubete
671 2534 722 2609 peti
725 2571 772 2590 ......

305 2674 342 2727 et
356 2658 459 2728 alium
490 2681 530 2727 ex
545 2660 694 2727 suasoria
714 2681 870 2740 sensum,
891 2681 991 2749 quem
1007 2683 1027 2726 a
1043 2653 1189 2727 Latrone
1208 2673 1376 2728 mutuatus

307 2787 371 2842 est.
403 2774 544 2842 Memini
573 2776 755 2840 Latronem
780 2773 816 2839 in
839 2773 1038 2865 praefatione
1061 2772 1205 2865 quadam
1231 2773 1373 2857 dicere,

307 2889 398 2981 quod
412 2888 603 2956 scholastici
623 2888 718 2979 quasi
731 2909 868 2955 carmen
881 2888 1084 2957 didicerant.
1104 2892 1180 2957 Non
1197 2889 1296 2958 vides
1302 2942 1312 2976 ,
1328 2893 1377 2959 uti

306 3005 445 3072 immota
460 3003 514 3071 fax
530 3019 681 3095 torpeat,
699 3018 734 3071 et
749 3005 915 3098 exagitata
927 3005 1049 3075 reddat
1065 3007 1188 3099 ignes?
1203 3005 1315 3073 mollit
1327 3009 1379 3073 vi-

308 3191 357 3244 boc
368 3192 401 3244 de
410 3211 502 3265 genere
511 3193 609 3246 eil'utire
622 3194 711 3247 solent.
720 3193 818 3248 Schult.
867 3197 1022 3269 'legatorum
1041 3195 1217 3261 doctissimus,
1239 3196 1270 3248 de
1290 3214 1378 3248 ermo-

344 3267 485 3322 nflelusit.
496 3271 703 3324 Prozteornmate
713 3269 817 3323 remisit.
868 3295 924 3327 rum
937 3276 1046 3345 judicio,
1067 3286 1095 3328 ut
1112 3296 1140 3327 rr
1157 3273 1228 3328 Festi
1239 3273 1378 3347 Pompeii,

312 3346 414 3404 Setino..
866 3351 946 3405 Nonii
955 3351 1082 3419 Marcelli,
1090 3365 1114 3405 et
1122 3351 1243 3406 Prisciani
1253 3351 1325 3404 libris
1335 3351 1379 3405 di-

345 3446 367 3476 2.
384 3423 474 3495 Quom
486 3431 601 3481 solutum
615 3445 726 3482 cannen.
740 3411 816 3496 Quo'd
867 3428 927 3482 diei.
937 3431 1031 3484 Sebott.

308 3502 347 3556 illi
359 3504 549 3567 mollissimum,
559 3525 706 3577 semperque
715 3505 815 3578 elegans
899 3505 923 3571 4.
939 3507 1027 3559 Arma
1035 3513 1088 3562 oiri
1092 3509 1182 3582 sortis.
1195 3510 1280 3562 Exstat
1287 3509 1381 3563 bodie·

311 3594 335 3634 et
345 3580 555 3653 equaleScbult.
870 3603 919 3653 qne
931 3584 1036 3636 Metam.
1052 3587 1115 3639 1111
1128 3586 1216 3639 Ovidii
1229 3587 1257 3639 in
1271 3599 1381 3640 extrem

344 3657 367 3709 3.
385 3659 422 3711 In
438 3679 582 3713 armonem.
597 3659 675 3714 Multi
687 3660 735 3713 boc
748 3659 822 3712 titulo
872 3662 957 3736 Ajscie
974 3664 1088 3718 oratione
1104 3683 1111 3720 ι
1130 3685 1143 3712 t
1156 3667 1233 3718 llrrua
1247 3666 1383 3720 visilastis

311 3727 388 3790 libros
400 3747 479 3808 poete
496 3736 644 3802 ediderunt,
665 3736 695 3789 de
712 3749 823 3790 conten-
871 3740 969 3794 medios
991 3743 1125 3795 mittentur
1148 3742 1174 3794 in
1196 3742 1294 3811 hostes,
1317 3743 1382 3796 lnde

312 3815 382 3869 tione
391 3833 519 3867 armorum
530 3815 635 3867 Achillis
643 3815 709 3867 inter
718 3816 822 3890 Ajacem
873 3817 958 3890 jubete
968 3819 1034 3890 peti,
1045 3831 1070 3872 et
1081 3821 1229 3872 referentem
1241 3833 1330 3875 ornate
1342 3841 1379 3876 re·

312 3906 337 3946 et
344 3894 462 3965 Ulyssem
472 3913 478 3943 :
490 3893 520 3945 de
531 3911 582 3962 qno
595 3893 637 3946 ille
651 3896 703 3966 ipse
714 3894 823 3958 Ouidius
872 3894 935 3949 latis.
944 3917 957 3944 υ
974 3897 1031 3950 lloc
1047 3909 1219 3986 aucupemete
1235 3917 1300 3971 serpe
1314 3920 1383 3952 exer-

312 3969 569 4044 Metsmorph.Xlll,
582 3989 639 4041 quse
656 3983 693 4022 est
706 3971 823 4023 omnium
871 3973 968 4040 eitum,
995 3975 1081 4047 fugem
1110 3989 1382 4048 circumspectantem,

311 4050 460 4122 scriptorum
480 4047 582 4113 Ovidii,
603 4065 661 4100 mee
679 4047 823 4115 sententia,
871 4050 986 4124 aciesque
999 4051 1145 4117 inclinatu,
1163 4051 1315 4107 instauratas
1332 4073 1384 4107 esse

311 4147 368 4200 pers
390 4126 583 4201 elegentissime.
604 4124 732 4199 scripsere
752 4127 822 4178 etl..
872 4127 1021 4202 accepimus.
1041 4128 1183 4184 δώσει·-
1201 4131 1274 4186 Alter
1296 4131 1384 4184 Ovidii

312 4206 411 4276 Attius,
429 4205 648 4261 attentarint.
665 4207 746 4267 Varro
762 4205 822 4259 item
872 4207 942 4262 locus
954 4222 990 4262 est
1006 4213 1063 4262 Am.
1076 4211 1106 4276 1,
1120 4225 1162 4274 ιι,
1180 4227 1219 4264 ιι.
