2876 4804
14 525 1070 559 m

410 797 524 865 JUSTI
544 799 668 866 LIPSII

309 985 765 1088 DIsSERTATIO

58 1242 112 1298 nt
142 1242 273 1302 VERO
296 1241 763 1300 contuovttttstanutt
791 1235 1016 1296 AUCTORE.

241 1419 295 1498 (nx
308 1439 483 1482 tttcroauu
504 1441 590 1491 trano
605 1439 709 1489 intuo,
723 1439 782 1476 car.
802 1416 845 1496 r.)

470 1725 604 1748 n*-

27 2017 144 2088 &snm
154 2025 235 2093 artai
248 2023 348 2094 opinio
371 2027 404 2077 de
421 2025 551 2095 scriptore
563 2023 820 2078 Gumcersr'amm.
841 2024 907 2078 Non
919 2039 976 2077 esse
996 2024 1064 2074 An-

53 2130 136 2168 num
154 2114 295 2174 Smecnm
315 2114 524 2185 phtosoptum.
548 2115 694 2169 Ortmaum
705 2117 778 2169 r'dab
789 2126 885 2184 ctare,
908 2137 927 2169 a
946 2119 1020 2188 uita,
1047 2136 1066 2170 a

53 2207 125 2272 styla.
138 2206 211 2260 Esse
231 2207 307 2260 ultas
314 2215 435 2276 patrem.
452 2205 490 2258 la
509 2224 615 2276 quoque
632 2208 705 2258 clarc
725 2217 872 2260 ostensum.
896 2204 1065 2261 Senecnmm

57 2303 179 2350 stemma·

62 2507 107 2573 Ur
119 2531 271 2574 censores
287 2507 365 2574 olim
378 2506 545 2574 lustruma
559 2508 647 2574 bono
661 2510 861 2591 nominc‚sic
884 2531 944 2598 ego
959 2508 1068 2574 ordiar

27 2610 102 2680 hunc
117 2617 250 2680 librum.
265 2615 378 2680 Dicam
390 2615 430 2680 de
443 2618 567 2680 Annaeo
576 2615 711 2698 Seneca,
723 2640 798 2681 curn
812 2616 898 2680 bona
909 2639 965 2704 spe
976 2616 1067 2697 fore,

30 2720 118 2786 uthuc
125 2723 283 2812 scriptum
289 2744 399 2786 meum
408 2743 509 2786 annos
523 2722 605 2786 ferat
614 2738 646 2785 et
658 2737 808 2786 senescat.
826 2723 942 2786 Censet
953 2721 1068 2808 vulgus

30 2823 111 2892 fibros
123 2851 179 2892 cos
189 2829 246 2915 qui
258 2829 556 2894 Controuersiarum
565 2828 825 2894 ctSuasoriarum
837 2829 1067 2908 inscribuntur,

31 2932 127 2997 Annaei
141 2933 271 2998 Senccae
286 2955 370 3015 cssc3
386 2932 487 3014 illius,
504 2934 559 3021 qui
576 2935 789 3022 philosophus
806 2933 939 3016 dicitur,
965 2932 1069 3021 etqui

30 3037 141 3104 Neroni
160 3057 350 3130 praeceptor.
379 3041 495 3105 Censet
514 3041 645 3130 vulgus,
670 3058 702 3106 ct
723 3041 797 3108 ideo
825 3057 918 3106 errat.
944 3039 1070 3130 Pugnat

32 3145 198 3212 enimcum
220 3170 257 3212 ea
280 3148 437 3212 sententia
452 3145 580 3214 Senecae
595 3163 686 3229 aetas,
711 3164 833 3237 pugnat
853 3148 932 3229 vita,
946 3159 1071 3235 pugnat

32 3255 124 3341 sylus.

1 3447 2 3450 ,
65 3377 171 3444 AEtatis
194 3401 336 3468 pugnam
359 3379 484 3444 docco:
500 3380 575 3467 quia
591 3381 788 3468 quicumque
811 3378 848 3442 iis
866 3378 954 3442 libris
973 3379 1069 3467 scrip

1 3505 2 3532 2
34 3497 76 3548 tur
93 3483 166 3566 suit,
184 3487 323 3574 Augusti
340 3500 373 3550 et
392 3484 511 3550 Tiberii
526 3509 593 3550 oevo
608 3487 701 3568 vixit,
727 3508 795 3548 non
810 3483 932 3549 Claudii
954 3500 986 3548 et
1002 3483 1068 3550 Nc·

34 3591 116 3654 runis
127 3593 197 3656 Hoc
219 3591 337 3681 colligo
353 3613 393 3656 cx
406 3592 498 3658 variis
514 3595 582 3678 ejus
595 3591 636 3656 dc
651 3614 685 3655 sc
701 3590 799 3655 dictis.
815 3591 870 3654 Ait
882 3591 954 3656 alibi
979 3591 1068 3656 farni-

2 3701 3 3726 ³
36 3691 128 3760 lurein
146 3697 293 3762 sciuisse
309 3698 421 3764 Caestio
441 3699 515 3780 Pio,
538 3697 654 3764 Porcio
674 3697 820 3779 Latroni,
842 3696 969 3763 Valerio
983 3699 1066 3762 Mes-

2 3877 3 3888 *
36 3799 93 3864 nlae
107 3825 114 3868 :
128 3804 214 3887 alibi,
244 3803 399 3869 Ovidium
421 3821 551 3893 poetam
581 3805 810 3873 declamantem
836 3808 1011 3887 audivisse,
1036 3821 1069 3870 ct

38 3905 159 3974 tunium
168 3909 356 3976 Pollionem
368 3909 501 3974 viridem
515 3913 702 4000 cognovisse
711 3930 743 3977 et
754 3937 873 3980 senem.
884 3915 944 3978 Eas
956 3933 1068 3977 omnes

40 4007 104 4078 itte
118 4017 289 4084 illustrasse
305 4037 368 4104 ego
382 4016 446 4080 scio
466 4016 609 4082 medium
624 4019 835 4109 principatum
851 4019 997 4109 Augusti.
1026 4019 1068 4081 At

38 4113 140 4189 Sem
160 4124 327 4190 celebrior
350 4135 421 4186 aetas
445 4123 478 4186 in
502 4123 670 4190 Claudium
694 4126 804 4190 incidit
830 4143 861 4189 et
890 4125 1064 4189 Neronem.
