2874 4808
237 455 950 564 couuaovausmeuume.1r,29.
1060 472 1124 564 ³9³

70 595 126 666 ltro
139 597 362 664 controversia
382 597 527 691 ineptiae
549 594 746 682 rhetorum,
766 594 858 688 quod
880 597 931 664 tie
954 595 1124 666 declam-

72 722 155 791 rent,
170 723 328 802 unquam
338 708 432 792 brec,
445 717 521 802 qu'ae
533 710 705 789 nominata
718 724 788 793 eet,
806 707 920 780 iniant
931 727 1019 780 emet
1037 737 1045 780 ε
1061 733 1125 780 nee

69 819 302 918 intelligerent,
325 825 354 892 ei
380 821 457 892 talis
478 839 587 908 emet,
614 845 659 891 ne
682 822 830 892 futuram
855 821 995 915 quidem
1019 845 1127 896 reem.

69 935 174 1031 ltaque
189 937 255 1008 hoe
274 938 456 1024 debemus,
476 939 609 1032 inquit,
627 959 822 1034 proponere
837 937 938 1008 nobie
954 938 1125 1034 :puellam

69 1052 132 1146 eju
147 1055 271 1138 etatia,
291 1058 329 1125 in
348 1080 416 1150 qun
437 1071 526 1126 torta
544 1055 709 1126 credibile
725 1055 835 1126 teelne
852 1053 939 1126 illud
957 1053 1123 1149 quidem,

71 1169 122 1240 ted
134 1169 345 1244 intolerabile
358 1197 431 1244 eane
446 1171 571 1243 aiebat.

110 1286 287 1359 Induerat
306 1290 443 1360 Cesum
469 1305 610 1359 matrem
632 1285 800 1359 dicentem
827 1287 909 1358 filiae
930 1315 938 1356 ι
958 1291 1011 1359 Dr
1028 1275 1134 1359 treet

68 1421 222 1475 venenum
232 1409 259 1474 ¹.

110 1523 260 1592 Tmarus
277 1523 471 1593 multonem
489 1522 596 1616 megia
613 1521 784 1616 ineptam,
806 1521 887 1614 quia
906 1543 976 1590 non
996 1523 1127 1592 invenit

70 1633 165 1724 illem,
185 1637 245 1707 ted
273 1638 486 1733 concupivit3
506 1661 584 1707 nam
612 1661 767 1708 exceeaue
789 1639 989 1708 sententiam
1008 1640 1122 1708 traxit.

70 1749 236 1822 lndmerat
247 1776 429 1824 novercam
441 1752 610 1822 dieentem
624 1779 632 1820 ι
645 1755 697 1824 Da
711 1753 809 1822 fratri
819 1759 1030 1841 venenum¹3
1047 1753 1127 1825 lecit

72 1862 150 1936 illem
165 1869 426 1964 respondentem
448 1895 456 1938 z
473 1869 597 1955 Meter,
615 1885 651 1938 et
675 1868 760 1938 milri
777 1867 834 1940 de.
854 1866 950 1963 Quid
966 1871 1058 1938 enim
1075 1883 1128 1939 eet

71 1993 129 2050 tem
144 1983 344 2072 absurdum,
364 2007 465 2078 wem
492 1999 632 2054 matrem
651 1985 701 2055 eie
717 1983 864 2055 locutam
885 2009 963 2057 eum
982 1984 1122 2083 puella,

71 2095 114 2166 lia
125 2098 216 2171 iratri
228 2104 427 2172 venenum?

110 2219 179 2287 Non
194 2219 348 2289 serebant
363 2243 427 2290 nec
442 2219 535 2290 illem
557 2221 684 2288 Triarii
699 2221 922 2306 oententiam,
943 2242 1011 2313 qua
1024 2219 1125 2290 aliter

71 2329 216 2402 Hirrum
224 2349 376 2419 ueuaeet,
388 2357 492 2425 quum
502 2332 546 2403 ad
556 2335 727 2430 epilogum
737 2333 1124 2430 pervenimetdloeloco

70 2439 198 2516 debebat
219 2473 300 2518 reue
315 2448 420 2537 flere3
439 2472 508 2518 non
532 2449 591 2519 llet
608 2449 735 2543 puella.
760 2450 935 2528 Inveniet,
956 2447 1122 2539 quemad-

69 2559 189 2632 modum
216 2565 315 2652 fleat,
341 2563 485 2659 aliquia,
511 2566 578 2635 hoe
599 2581 672 2652 eat,
700 2566 882 2658 imaginem
907 2561 1034 2632 fratria.
1059 2563 1121 2656 illu

70 2679 187 2749 enimsi
202 2697 268 2751 tam
282 2681 396 2776 puella
412 2697 480 2764 eet,
500 2697 539 2751 ut
556 2679 667 2765 dieat,
690 2684 813 2766 Mater,
838 2677 923 2774 quid
944 2694 997 2748 eet
1017 2702 1124 2748 vene·

72 2799 245 2868 neminen
262 2816 373 2895 potest
389 2814 490 2868 tantae
507 2801 643 2895 pietatis
659 2821 752 2886 eote,
775 2813 814 2866 ut
830 2821 905 2867 eam
923 2799 1034 2890 imago
1051 2796 1122 2866 ira-

72 2907 165 2978 triain
176 2911 342 3006 lacrymat
354 2915 514 2982 concitet.
524 2913 656 2982 Tantus
667 2928 778 2982 autem
792 2935 890 2981 error
901 2925 952 2980 eet
966 2913 1001 2978 in
1013 2911 1124 2979 omni-

71 3015 124 3091 bm
135 3027 271 3112 studiis,
288 3005 431 3097 maxime
453 3026 715 3121 ineloquentia,
739 3025 837 3120 cujus
858 3024 977 3119 regule
994 3027 1123 3096 ineerta

71 3149 130 3217 ert,
146 3160 182 3211 nt
194 3147 277 3214 vitia
295 3142 432 3238 quidam
448 3167 508 3214 oua
528 3161 562 3212 et
580 3144 800 3237 intelligent,
821 3158 857 3212 et
874 3156 999 3211 ament.
1101 3135 1104 3140 ’

109 3255 235 3330 Cerrrnr
252 3261 432 3355 pueriliter
451 3285 488 3330 ee
511 3260 635 3329 dixieae
654 3259 887 3350 intelligebat,
912 3260 1024 3326 Mater
1040 3255 1125 3348 quid

70 3383 112 3437 eu
121 3373 499 3445 venenumiDeridebet
510 3375 600 3443 enim
614 3376 859 3450 Menaenorum,
875 3372 935 3464 qui
947 3369 1037 3440 hano
1049 3391 1125 3438 een·

70 3488 192 3560 entiam
201 3493 350 3562 imitatus
357 3509 409 3562 eet
418 3494 454 3561 in
463 3492 611 3587 epilogo,
622 3489 862 3584 quumalloqui
873 3487 1126 3583 ooepietetpuel·

14 3651 15 3658 κ
68 3595 139 3687 itm,
154 3622 186 3676 et
200 3607 330 3680 diceret
347 3637 355 3679 ι
374 3611 547 3704 Compone
561 3624 594 3678 te
612 3609 649 3676 in
664 3606 929 3701 periclitantium
945 3605 1121 3692 habitum,

38 3779 43 3790 '
99 3787 115 3824 ¹·
129 3772 174 3828 De
176 3777 263 3847 fratri
275 3797 412 3830 venenum.
427 3777 466 3831 'l’u
486 3777 562 3849 lege:
611 3772 677 3850 tigit
692 3779 730 3828 lta
747 3789 773 3829 et
790 3793 849 3828 mor
866 3772 1028 3848 legendum:
1044 3769 1125 3825 Dedo

70 3841 217 3917 Dadastana·
226 3874 352 3908 venentur
359 3855 471 3926 ,etque
483 3873 562 3925 quum
601 3855 689 3926 [ναίὴ
700 3871 838 3908 umnam.
851 3851 953 3907 Salute.

68 3919 112 3977 filia
130 3927 191 3984 irtnd
207 3932 362 4005 respondent
382 3933 560 3997 introducitur,
645 3953 667 3985 a.
679 3931 726 3984 Da
733 3931 822 4002 fratri
831 3951 964 3985 maurn-
978 3930 1061 3984 Dabo
1077 3949 1122 3984 re·-

69 4003 193 4059 ottenditur
214 4009 275 4062 inde
296 4027 351 4062 eam
375 4008 458 4062 adhue
485 4009 560 4062 valde
610 4009 773 4064 scribendum
784 4029 837 4063 este
847 4009 898 4080 iarn
912 4008 1010 4061 monui.
1024 4003 1130 4081 Nempe'

69 4077 164 4145 puellam
180 4105 244 4154 erte,
260 4100 289 4142 ut
309 4107 341 4140 ne
359 4086 485 4160 intelligat
499 4087 560 4159 qui·
608 4087 671 4153 hoe,
691 4107 768 4159 qnam
789 4085 868 4140 cerii
889 4085 952 4139 illud
971 4083 1125 4154 absurdius,

68 4153 129 4226 den,
140 4163 199 4234 quid
210 4168 242 4221 tit
253 4167 481 4235 venenquuare
490 4165 559 4220 illiue
608 4167 669 4240 quia
681 4179 719 4221 eat
731 4185 758 4219 re
776 4166 923 4238 detegentis.
940 4165 1029 4219 Portet
1048 4175 1072 4218 et
1090 4165 1123 4219 alt

68 4246 161 4310 nomen,
171 4255 289 4317 unquam
301 4243 472 4328 benefieiitit,
483 4245 559 4302 intel·
609 4244 666 4300 aliie
686 4257 711 4300 et
731 4244 833 4315 quidem
846 4244 1016 4318 gravitdme,
1036 4243 1123 4320 excipi.
