2874 4808
327 377 392 444 382
652 377 701 440 M.
728 375 873 443 ANNAEI
895 377 1077 446 SENECAE

271 515 278 528 '
326 526 395 572 non
426 516 582 568 teneatur
607 504 668 595 qui
696 503 788 571 fecit.
815 504 874 569 Vis
900 502 1067 594 injuriosa
1085 502 1263 572 damnatur
1281 527 1288 568 t
1306 499 1376 568 solut

326 617 417 685 enim
429 640 501 684 esse
513 633 546 684 et
556 616 725 710 salutaris.
740 618 856 711 Quum
867 617 1017 686 latrones
1024 618 1173 711 aliquem
1184 618 1373 698 obsiderent,

324 736 353 801 si
372 733 594 827 perfodissem
614 735 728 804 viliam
752 749 880 812 armata
895 759 1023 830 Vmano,
1049 739 1249 829 conjugem,
1272 734 1375 802 liberos

323 851 398 943 ejus
415 851 624 943 rapuissem,
645 852 799 919 accusari
816 853 974 944 possem?
988 851 1092 945 Quod
1110 854 1198 921 vivit
1211 876 1306 946 puer,
1326 849 1375 917 be·

323 967 485 1034 neficium
505 989 617 1033 meum
637 981 700 1034 est.
729 969 772 1034 Et
799 966 924 1035 medici
950 967 1113 1061 alligant,
1140 983 1176 1036 et
1200 966 1374 1060 corporibus

299 1083 469 1166 'nostris,
490 1098 527 1150 ut
544 1082 756 1163 medeantur,
774 1082 842 1152 vim
862 1082 1021 1151 afferunt.
1047 1084 1099 1152 An
1124 1107 1190 1177 pro
1212 1082 1269 1152 itto
1292 1081 1374 1150 fuerit

323 1203 410 1293 rapi.
439 1202 513 1267 Hoc
538 1199 613 1268 loco
639 1201 808 1268 accusatio
833 1223 1011 1284 novercoe,
1035 1217 1070 1267 et
1093 1201 1269 1268 insectatio
1290 1199 1374 1292 patris

323 1334 391 1388 tam
405 1318 575 1410 patienter
589 1340 668 1384 snos
683 1315 871 1409 perdentis.

371 1436 500 1502 Gsnnro
525 1447 559 1499 et
583 1430 675 1498 iilam
692 1430 910 1522 quaestionem
929 1431 1027 1516 fecit,
1043 1448 1077 1498 et
1090 1434 1190 1524 prius
1203 1429 1371 1500 sumendam

324 1550 543 1640 questionem
556 1547 685 1640 putavit
700 1569 741 1613 ex
754 1569 912 1640 persona,
929 1571 1030 1638 quam
1044 1571 1084 1615 ex
1097 1571 1135 1616 re
1155 1575 1163 1614 ι
1179 1549 1234 1618 An
1246 1573 1313 1616 cum
1322 1570 1370 1612 aro

324 1667 459 1758 nepotis
474 1665 613 1732 nomine
630 1665 685 1756 agi
704 1665 824 1756 possit.
838 1666 915 1731 Non
928 1665 1049 1758 magis,
1063 1666 1191 1757 inquit,
1207 1685 1369 1759 quamtum

324 1795 421 1872 patre
445 1777 509 1844 iilii
533 1777 690 1860 nomine,
712 1799 782 1844 non
807 1776 914 1869 magis
928 1801 1029 1869 quam
1048 1801 1124 1846 com
1147 1793 1266 1846 matre.
1284 1776 1370 1846 Habet

321 1917 385 1962 soa
401 1890 476 1988 jura
491 1908 613 1960 natura
631 1919 640 1960 :
657 1908 691 1960 et
706 1892 772 1960 hoc
789 1893 880 1960 inter
898 1916 997 1962 avum
1014 1908 1217 1985 patremque
1232 1895 1368 1969 interest,

320 2008 415 2102 quod
434 2032 497 2077 avo
512 2031 591 2076 suos
605 2031 740 2076 serrare
758 2008 859 2089 licet,
880 2009 968 2100 patri
985 2008 1086 2074 etiam
1103 2008 1292 2078 occidere¹.
1311 2008 1369 2076 Non

322 2142 439 2218 potes,
460 2124 590 2215 inquit,
613 2125 662 2192 sie
680 2147 810 2192 mecum
826 2147 929 2217 agere
946 2140 1106 2216 tanquam
1121 2149 1200 2192 cum
1213 2125 1329 2206 alieno,
1342 2137 1370 2188 ut

321 2241 416 2310 dicas
435 2268 442 2306 :
459 2240 555 2334 Quid
578 2238 642 2308 tibi
664 2263 740 2308 eum
766 2238 845 2321 illo,
870 2241 930 2331 qui
953 2256 1003 2308 est
1025 2241 1175 2310 intestati
1191 2241 1297 2309 filius?
1310 2255 1369 2306 tuns

319 2356 431 2426 haeres
446 2357 581 2424 foturus
594 2356 656 2438 sit,
673 2379 775 2447 quam
790 2353 982 2422 dementem
993 2356 1197 2450 alligaturus
1218 2357 1285 2426 esti
1295 2376 1369 2447 qua·

321 2475 399 2544 dam
413 2475 492 2567 jura
509 2498 578 2542 non
593 2473 691 2564 lege,
716 2471 776 2540 sed
795 2489 915 2540 natura
931 2472 1031 2542 nobis
1041 2473 1219 2542 attributa.
1236 2475 1269 2542 si
1280 2493 1368 2563 nepo·

319 2607 388 2658 tem
402 2616 500 2660 suum
513 2615 596 2658 avus
608 2605 807 2682 peccantem
820 2588 972 2680 aliquid,
990 2605 1024 2656 et
1038 2591 1128 2658 inter
1141 2589 1368 2684 puerilesjocot

321 2708 763 2802 petulantiuslascivientem
778 2705 905 2788 feriret,
916 2731 996 2774 num
1008 2708 1209 2800 injuriarum
1218 2709 1366 2800 quisquam

317 2825 478 2894 camillo
505 2824 641 2916 ageret?
666 2825 708 2890 Et
731 2823 883 2892 ultimam
901 2823 993 2890 illam
1011 2827 1138 2894 Gamo
1168 2827 1259 2910 fecit,
1284 2840 1366 2914 φιιιω

320 2954 496 3006 tractasset
512 2936 571 3006 itta
592 2964 600 3006 :
619 2937 715 3005 Licet
734 2935 839 3024 mibi,
865 2953 902 3004 nt
922 2938 1070 3030 prosim,
1093 2940 1226 3027 iacere3
1241 2933 1364 3011 deinde,

319 3055 402 3121 hnic
420 3052 562 3144 profuit.
583 3055 636 3122 An
652 3077 714 3122 avo
736 3053 980 3147 ignoscendum
992 3057 1034 3122 sit
1050 3079 1157 3148 quum
1172 3079 1232 3150 pro
1245 3065 1364 3146 nepote»

317 3220 448 3280 quareret.
464 3211 503 3262 lts
516 3229 563 3282 ego
575 3208 717 3264 laborarem
729 3211 830 3272 minus,
881 3223 957 3283 pater.
975 3214 1131 3284 Argumento
1152 3213 1171 3265 1.
1188 3213 1222 3266 sir
1233 3208 1364 3266 evenistrt·

317 3289 452 3358 omnisque
468 3300 657 3342 converteretur
669 3289 777 3361 impetus
784 3326 792 3355 ,
807 3301 833 3339 et
880 3291 914 3344 1).
922 3291 979 3344 adi.
989 3291 1041 3344 tul.
1050 3293 1154 3368 Majsst.
1163 3293 1213 3348 Sed
1223 3291 1319 3346 binetus
1325 3301 1364 3336 Μ·

317 3369 354 3419 ira
368 3368 395 3419 in
408 3385 553 3419 novercam.
565 3365 664 3418 Schntt.
880 3381 966 3421 ternus
987 3389 1039 3421 esse
1065 3367 1188 3442 fingitur,
1213 3369 1252 3422 cui
1267 3367 1301 3438 jus
1316 3357 1363 3414 iliad

354 3467 374 3499 r.
392 3444 473 3517 Quod
481 3465 663 3500 aro...servare
673 3450 744 3507 licet,
757 3448 833 3512 patri
880 3447 979 3519 legibus
1002 3448 1175 3522 abjudicatum
1194 3461 1236 3504 est.
1254 3446 1364 3500 Sodali·

316 3528 399 3578 etiam
414 3525 531 3578 occidere.
541 3523 619 3595 Atqui
630 3523 683 3595 pari
695 3524 749 3595 jure
759 3544 830 3589 avus,
881 3524 988 3579 Schotto
997 3529 1130 3600 respondet
1138 3525 1291 3580 Gronovius:
1300 3522 1363 3572 imm

319 3614 447 3675 paterque.
455 3603 521 3652 Nam
531 3613 556 3653 ct
566 3603 592 3652 in
603 3601 644 3653 avi
653 3614 771 3672 potestate
779 3622 831 3656 esse
881 3604 948 3657 nihii
961 3604 1002 3657 bic
1013 3607 1111 3678 proprie
1124 3607 1155 3659 dc
1167 3604 1241 3680 patria
1255 3607 1362 3675 polemi&

320 3695 438 3755 nepotem
447 3692 471 3733 et
479 3693 596 3751 neptem,
611 3701 665 3735 non
677 3701 747 3734 sccus
758 3693 832 3753 atque
880 3684 923 3738 sed
942 3683 975 3736 ad
992 3685 1116 3740 invidiam
1134 3684 1271 3744 faciendam
1283 3700 1307 3732 u
1320 3689 1362 3746 W*

319 3757 834 3833 filiuspatriapotestatecontinetur,docct
882 3782 944 3814 sona
957 3761 1034 3836 hujus
1045 3765 1086 3817 avi
1103 3779 1128 3818 et
1144 3764 1217 3836 bajus
1229 3759 1295 3835 patris
1304 3751 1362 3807 aitte·

321 3840 446 3914 Ulpianus
458 3839 485 3890 in
493 3839 509 3890 1.
517 3839 602 3902 tv,1).
610 3838 686 3892 debis
694 3841 785 3910 quisui
793 3842 834 3895 vsi
882 3841 964 3894 nentia
979 3843 1096 3911 quedam
1107 3863 1177 3896 more
1195 3839 1360 3894 declamatore

317 3918 395 3972 aiien-
407 3919 455 3990 jur.
468 3928 492 3968 ct
503 3915 661 3970 dnstinianus
678 3917 738 3970 lust.
750 3918 793 3970 lib.
808 3921 831 3986 i,
883 3919 993 3990 ponitur.
1006 3923 1063 3973 Avo
1075 3941 1172 3974 servare
1184 3920 1254 3980 iicet,
1272 3926 1295 3965 nt
1305 3907 1361 3966 buit,

318 3995 352 4047 de
364 4009 425 4068 patr.
438 4005 549 4065 potestat.
570 3993 604 4045 Et
620 4013 668 4045 avo
685 3995 831 4065 superstite,
882 3996 927 4067 qui
938 3997 1021 4065 rapuit
1031 4011 1164 4070 nepotem,
1175 4019 1206 4050 ns
1216 3991 1359 4065 occideretutt¹

225 4103 227 4113 ι
319 4086 388 4144 pater
399 4072 426 4123 in
437 4070 504 4124 filios
516 4081 661 4142 potestatem
673 4091 726 4124 non
738 4071 831 4137 babet,
881 4073 946 4145 patri
964 4074 1184 4138 etiamcccidsrc,
1204 4086 1230 4126 ut
1247 4069 1312 4128 buit,
1328 4075 1359 4130 iu*

316 4150 433 4213 sedatus
446 4150 472 4200 in
484 4149 556 4222 cujus
568 4161 688 4220 potestate
700 4161 734 4203 est
746 4149 832 4220 etipse
884 4155 947 4206 duos
972 4175 1088 4210 noverca
1112 4155 1198 4210 fraude
1215 4151 1358 4206 sublaturos
