2866 4814
295 491 371 536 roo
632 467 680 533 M.
707 463 853 534 ANNAEI
875 463 1054 534 SENECAE

304 599 476 677 Cruenta,
496 612 530 662 et
550 596 586 661 in
610 594 796 688 perniciem
822 609 963 660 cruente
986 610 1076 661 tuam
1094 645 1104 678 ,
1125 594 1223 677 haec,
1249 598 1380 688 inquit,

306 731 399 777 arma
413 713 464 778 te¹
486 711 595 777 nescis
613 723 730 814 tenere
745 732 808 801 pro
826 706 1013 801 pudicitia,
1031 725 1065 776 ct
1079 725 1212 804 raptum
1235 708 1384 806 gladium

305 831 341 898 in
359 845 476 923 pectus
494 828 612 921 piratae
631 828 683 896 sui
707 828 816 895 torsit.
841 827 914 894 Hoc
938 825 1062 896 factum
1081 829 1219 921 ejusne
1240 829 1380 916 lateret,

306 945 433 1015 eisdem
452 945 518 1013 diis
535 943 781 1013 immortalibus
803 941 866 1010 tuit
886 962 990 1011 curas.
1019 947 1203 1014 Accusator
1234 947 1311 1038 ejus
1331 947 1383 1012 in-

308 1077 430 1128 ventus
441 1065 454 1097 ²
467 1075 531 1144 est,
548 1058 724 1152 quijudici
738 1057 812 1150 ejus
822 1059 858 1126 in
873 1057 947 1125 loro
962 1057 1188 1127 testimonium
1206 1057 1379 1128 redderet.

305 1177 413 1244 Nemo
439 1174 602 1244 credebat
631 1175 780 1242 occisum
810 1172 920 1241 virum
950 1195 970 1241 a
997 1175 1143 1258 femina,
1168 1175 1335 1269 juvenem
1363 1200 1381 1243 a

307 1293 440 1384 puella,
466 1309 630 1360 armatum
649 1290 692 1357 ab
713 1291 834 1357 inermi
855 1315 863 1355 t
884 1291 1010 1381 majora
1034 1289 1256 1374 videbantur,
1286 1315 1379 1384 quam

307 1423 345 1473 ut
365 1421 503 1499 possent
520 1403 613 1474 credi
632 1403 704 1470 sine
718 1403 859 1471 deorum
876 1389 1114 1473 immortalium
1128 1405 1258 1474 auxilio
1278 1422 1378 1498 gesta.

356 1523 492 1591 Cosmus
512 1521 625 1588 timuit
640 1541 676 1587 se
695 1519 732 1586 in
746 1518 973 1585 narrationem
993 1515 1188 1606 demittere,
1211 1519 1274 1588 sed
1292 1519 1378 1586 illam

304 1637 575 1704 transcucurrit:
602 1635 668 1702 hoc
694 1633 798 1714 dixit,
830 1633 866 1699 in
894 1632 1068 1700 sacerdote
1094 1635 1209 1702 futura
1238 1633 1377 1700 maxime

308 1743 434 1820 debere
461 1751 618 1818 autmari
643 1748 861 1842 pudicitiam,
883 1749 1133 1833 innocentiam,
1163 1749 1374 1832 felicitatem,

309 1887 409 1958 qttttm
424 1863 547 1958 pudica
562 1866 624 1944 sit,
644 1864 740 1932 miles
754 1861 922 1932 ostendit:
942 1884 1042 1955 quam
1057 1866 1241 1949 innocens,
1253 1863 1372 1956 judex:

304 2001 409 2071 quam
427 1977 525 2060 felix,
543 1977 685 2047 reditus.
704 1981 815 2046 Etiam
828 1977 991 2047 habemus
1008 1980 1187 2072 quamdam
1203 2001 1371 2074 praeroga·

308 2095 410 2162 tinam
424 2093 592 2162 sacerdoti
607 2094 651 2162 ab
662 2095 733 2186 ipsu
744 2094 884 2161 numine
900 2093 1032 2179 datam3
1049 2097 1129 2166 licet
1142 2095 1196 2165 isti
1214 2097 1372 2189 objiciant

309 2209 361 2278 illi
370 2260 381 2295 ,
402 2210 504 2277 fuisse
521 2211 709 2302 captivam,
725 2209 841 2277 lenoni
856 2225 971 2301 postea
986 2213 1152 2297 servisse,
1169 2235 1305 2281 causam
1321 2233 1375 2278 no-

308 2324 445 2392 vissimo
471 2321 618 2390 dixisse:
641 2323 730 2390 inter
747 2309 802 2390 'tot
818 2323 972 2417 pericula
990 2349 1058 2394 non
1076 2344 1266 2396 servassent
1289 2322 1373 2393 illam

309 2436 382 2525 dii,
403 2438 470 2507 niti
488 2437 567 2506 sibi.

359 2553 584 2622 ductortuus
599 2552 685 2621 illud
699 2555 735 2621 in
752 2555 946 2622 narratione
960 2555 1057 2623 dixit.
1072 2555 1256 2624 Accusator
1268 2556 1304 2621 iu
1315 2549 1373 2618 hoc

312 2671 455 2738 maxime
464 2669 639 2764 premebat
654 2691 765 2754 ream,
782 2671 895 2739 aiebat
908 2673 1054 2741 occisum
1073 2695 1145 2741 esse
1156 2675 1248 2742 intra
1261 2669 1368 2747 rerba,

310 2803 490 2879 antequam
508 2787 576 2852 vim
595 2784 747 2852 afferret.

362 2901 623 2971 sauromata
644 2898 708 2965 hac
730 2899 841 2991 ligura
859 2903 1010 2969 narravit
1028 2927 1035 2969 ε
1054 2903 1134 2970 Fam
1151 2899 1251 2972 vobis
1264 2919 1370 2969 sacer-

314 3017 426 3085 dotem
453 3014 634 3107 promitto,
662 3038 762 3105 quam
780 3015 941 3083 incestam
955 3017 1047 3086 nulla
1067 3018 1177 3086 facere
1191 3019 1295 3110 pos'sit
1309 3013 1369 3080 lor·

313 3150 408 3201 tuna.
426 3131 540 3201 Potest
555 3129 686 3222 aliquid
701 3131 843 3198 servitus
857 3154 980 3224 cogere
996 3161 1004 3200 :
1023 3135 1162 3202 servivit
1180 3151 1214 3202 et
1228 3128 1370 3202 barbaris

314 3261 348 3317 et
373 3249 515 3342 piratis:
535 3245 695 3315 inviolata
720 3248 811 3340 apud
833 3247 909 3316 illos
934 3251 1068 3317 mansit.
1094 3251 1209 3318 Potest
1234 3249 1367 3340 aliquam

313 3509 373 3557 nos,
387 3489 498 3558 superba
509 3489 640 3563 appellant
651 3506 657 3541 :
667 3509 714 3542 nec
726 3490 753 3541 in
767 3505 823 3540 rna-
871 3490 898 3541 in
911 3489 1004 3541 excusis
1016 3503 1064 3554 est,
1079 3489 1123 3542 ssd
1140 3491 1276 3564 legendum
1292 3483 1367 3540 existi-

315 3567 368 3622 lam
378 3579 462 3620 tamen
471 3580 573 3640 partem.
580 3565 683 3640 Virgilii
692 3578 729 3618 est
738 3587 824 3638 mags·
871 3586 938 3620 mern
950 3584 957 3618 t
969 3567 1035 3620 Hac
1043 3570 1322 3635 induratumque
1331 3577 1368 3613 M·

315 3663 363 3698 stus
376 3643 450 3697 altos
461 3643 585 3716 sanguine
597 3644 693 3696 divum.
701 3665 714 3691 s
724 3642 823 3696 Sabou.
871 3648 946 3698 scires
959 3655 1040 3698 tenere
1050 3657 1074 3698 te
1082 3665 1132 3714 pm
1140 3638 1368 3715 pudtcruaffictult·

352 3741 374 3774 ι.
386 3721 461 3783 Herc,
473 3724 566 3790 inquit,
577 3741 656 3772 ormo
667 3731 697 3774 te·
709 3719 823 3772 Alitsrin
908 3743 930 3774 a.
942 3725 1086 3778 Accusator
1093 3729 1148 3792 ejus
1157 3730 1280 3778 inventus.
1289 3717 1369 3774 Faber.

316 3799 427 3869 antiquit
439 3798 599 3859 editionibus,
611 3797 639 3850 in
648 3797 739 3868 quibus
747 3815 826 3868 quum
874 3805 951 3855 enim.
965 3803 1026 3855 Non
1045 3801 1086 3856 hie
1103 3813 1193 3857 cemes
1211 3803 1298 3856 vitium
1310 3811 1367 3854 esst.

317 3881 433 3941 sittace,
444 3879 535 3945 iuquit,
547 3895 632 3938 arma,
644 3895 702 3945 quoe
710 3879 825 3942 nesciret,
874 3880 917 3932 ted
937 3879 964 3932 iu
979 3882 1095 3933 membro
1111 3879 1240 3953 proxim03
1254 3893 1278 3935 st
1288 3877 1369 3947 legen-

317 3951 826 4024 immpropudicitiadlthuncordiuem
876 3957 1177 4024 dum:Accusutore1'us
1192 3963 1305 4014 iuventus
1321 3959 1367 4007 etl·

316 4034 450 4088 vorborum
468 4044 586 4106 perpetuo
601 4033 676 4086 credo
692 4044 825 4084 servatum.
874 4040 922 4104 pul
928 4037 1061 4102 pudtctetoe
1074 4041 1100 4089 in
1111 4039 1171 4106 soro
1180 4041 1293 4093 redderet
1303 4031 1367 4086 testi-

320 4115 406 4182 Qnsre
426 4133 478 4165 non
495 4131 585 4184 sequar
602 4111 680 4168 Fabri
695 4113 826 4180 conjectu·
874 4115 997 4168 monium.
1016 4116 1092 4175 Non,
1108 4117 1202 4182 iudicii
1216 4124 1278 4182 ejus.
1297 4111 1368 4166 lustu

319 4207 388 4252 ram,
404 4209 478 4259 aqna
492 4191 601 4243 manavit
616 4192 656 4258 id,
674 4193 742 4261 quod
756 4209 824 4245 nnnc
875 4195 1055 4247 Accusatort'n
1065 4196 1111 4248 lruc
1123 4186 1368 4264 maximepremebs‘
