2842 4812
280 490 350 575 ero
619 491 667 556 u.
692 431 1048 557 mum‘snunun

282 616 413 684 aionem
425 635 519 700 esse,
536 638 605 682 non
620 637 734 708 posses
747 612 1049 702 declamationem,
1067 631 1229 710 tanquam
1243 617 1361 688 deela-

283 732 424 802 matieni
438 729 581 800 multum
587 731 718 817 deerat,
729 747 893 824 tanquam
905 731 1064 802 divisioni
1078 736 1222 804 multum
1236 759 1360 832 super-

283 863 368 918 erat.
387 847 506 942 Quum
518 848 646 944 populo
660 846 804 931 dioeret,
821 871 939 918 omnes
954 851 1046 920 vires
1057 873 1134 921 suas
1148 849 1356 939 advocabat,

283 979 318 1034 et
331 963 411 1034 ideo
425 988 494 1035 nen
509 962 699 1035 desinebat.
716 965 811 1059 Saepe
825 963 1035 1034 declamante
1049 966 1108 1036 illo
1123 983 1177 1036 ter
1193 967 1360 1038 buccina·

282 1081 368 1168 vit¹,
387 1079 471 1151 dum
487 1083 582 1176 cupit
599 1082 636 1150 in
656 1083 750 1150 omni
768 1082 997 1152 controversia
1016 1081 1153 1168 dicere,
1170 1109 1242 1154 non
1255 1083 1361 1178 quid-

282 1195 369 1294 quid
388 1197 494 1269 debet
512 1199 602 1284 ilici,
628 1193 883 1293 sedquidquid
903 1213 1025 1294 potest.
1049 1199 1368 1294 Argumentabatur·

283 1314 425 1384 moleste
445 1316 553 1409 magis
576 1337 678 1406 quam
703 1313 894 1401 subtiliter,
918 1330 1120 1410 argumenta
1141 1317 1233 1386 enim
1249 1339 1360 1408 argu-

283 1431 407 1501 mentis
435 1429 619 1524 colligebat
643 1457 651 1499 s
675 1445 711 1498 et
735 1433 832 1523 quasi
859 1430 947 1500 nibil
975 1449 1062 1502 eoset
1085 1433 1167 1502 satis
1192 1434 1355 1516 firmum,

283 1568 401 1616 omnes
419 1542 639 1640 probationes
654 1543 912 1639 probationibus
930 1545 1007 1615 eliis
1021 1546 1258 1616 confirmabat.
1277 1551 1360 1617 Erat

282 1675 317 1731 et
340 1657 429 1729 illud
451 1659 489 1727 in
513 1661 809 1751 argumentatione
832 1659 975 1744 vitium,
1000 1658 1093 1752 quod
1115 1661 1357 1752 questionem,

282 1800 354 1846 non
368 1790 530 1868 tanqtmm
543 1788 676 1867 partem
688 1767 949 1861 controversia,
965 1771 1026 1844 sed
1043 1790 1204 1870 tanquam
1222 1793 1361 1847 contro-

282 1893 450 1978 versiam,
478 1890 654 1985 implebat.
684 1890 805 1960 Omnia
832 1891 974 1983 quaestio
1003 1913 1096 1960 suam
1121 1891 1360 1986 probationem

280 2005 456 2094 habebat,
476 2030 571 2076 suam
590 2007 879 2089 exsecutionem²,
900 2028 979 2075 suos
1002 2029 1179 2094 excessus,
1205 2033 1284 2078 suas
1301 2012 1360 2079 in-

282 2108 520 2216 dignationes,
541 2121 716 2216 epilogum
735 2145 874 2216 quoque
892 2145 1004 2191 suum.
1025 2124 1078 2192 Ita
1094 2147 1197 2192 unam
1216 2140 1360 2194 conuo-

284 2241 431 2312 versiam
445 2231 694 2336 proponebat³,
708 2239 827 2333 plures
840 2237 988 2312 dicebat.
1004 2235 1101 2334 Quid
1114 2241 1239 2335 igitur?
1250 2245 1360 2312 omnis

283 2435 405 2490 troversia
419 2414 529 2509 quadarn
544 2434 604 2489 dixit
616 2454 623 2488 ε
635 2436 739 2505 aQuare
749 2455 797 2488 ca·
848 2435 919 2504 Quid
932 2433 1015 2508 ergo?
1026 2455 1091 2490 num
1102 2429 1188 2490 omnis
1198 2437 1308 2508 questio
1316 2457 1361 2511 per

282 2513 332 2583 lix,
344 2513 367 2568 si
377 2512 478 2580 cecidit,
490 2513 631 2586 frangitun
644 2512 760 2585 spongia,
774 2513 796 2565 si
846 2531 967 2568 numeres
986 2529 1045 2568 sues
1066 2513 1197 2587 implenda
1217 2513 1275 2570 est?
1289 2516 1361 2586 Quid

282 2591 383 2662 cecidit,
393 2612 447 2646 non
459 2591 603 2668 frangitur?
612 2613 626 2640 s
641 2590 709 2646 lldd.
722 2590 796 2644 Con·-
846 2591 894 2645 ni?
905 2591 950 2645 sed
961 2600 1083 2663 tauquam
1093 2592 1217 2657 accessio,
1231 2613 1287 2648 non
1299 2605 1362 2648 tan·

281 2683 347 2726 trev.
362 2693 392 2737 a,
404 2672 433 2726 ia
444 2671 538 2726 colore.
550 2671 651 2725 Sebult.
845 2688 924 2741 quam
933 2689 1066 2724 summa.»
1079 2669 1145 2739 Quae
1157 2688 1171 2722 a
1182 2667 1363 2745 Typogripbis

320 2768 343 2803 ι.
355 2747 456 2818 Saepe...
464 2759 504 2803 ter
510 2750 662 2802 dominavit.
674 2747 732 2800 Hoc
740 2756 794 2812 est,
844 2746 1240 2816 omissa,bucreroeandasuntt
1250 2750 1296 2802 sesl
1304 2749 1363 2802 reti·

283 2840 368 2884 emas
382 2847 448 2901 sepe
464 2826 540 2880 boras
559 2825 726 2879 declamando
739 2845 797 2878 exe-
846 2827 958 2882 nandam
967 2827 1042 2900 plane
1055 2829 1249 2882 exsecutionem
1259 2847 1362 2882 moneo.

281 2901 797 2972 mieBuceinaenimantiquissimistem·
845 2903 1361 2960 Fortunatianusenimllbetor.Sebolast.

282 2981 388 3055 peribas
407 2981 529 3036 boramm
548 2979 653 3054 signum
672 2979 795 3034 dabatur:
844 2982 890 3036 lib.
908 2983 934 3036 11
953 3001 961 3038 t
980 2983 1072 3054 aQooe
1089 2993 1148 3037 auat
1167 2995 1251 3056 partes
1263 2983 1362 3060 proba·

283 3057 797 3191 llffidl'tffaflll'll'llss
845 3059 1362 3194 littlltt⁰⁸³lll¹ltl¹lztlzl

283 3213 317 3267 ad
326 3159 486 3290 clepsydrbm
493 3213 604 3286 perorari
614 3213 707 3280 solent,
717 3233 797 3283 quum
845 3235 923 3286 quam
934 3159 1113 3290 Hermopgpe'nes
1121 3178 1293 3287 lariemelaa
1303 3182 1361 3293 aptd

283 3293 342 3347 date
352 3291 422 3348 berea
432 3292 580 3358 accusatori,
588 3302 637 3345 tres
645 3312 699 3358 reo,
710 3292 816 3368 dareu·¹
846 3295 954 3348 omnino
972 3295 1052 3349 verbo
1070 3295 1131 3348 lieet
1147 3293 1194 3348 snb
1208 3315 1240 3348 eo
1253 3297 1362 3350 nomine

281 3381 333 3435 tor,
347 3367 445 3443 exlege
456 3369 595 3443 Pompeia,
605 3369 697 3441 deque
707 3369 798 3426 Cicero
846 3386 871 3427 et
880 3375 1055 3444 ἱπιχιιρῆματα
1070 3375 1193 3447 Hermog.
1206 3376 1363 3449 complecta-

284 3447 314 3500 ia
324 3446 414 3501 Bruto.
426 3447 527 3502 Solae.
846 3464 900 3520 tur;
914 3470 976 3504 narn
986 3453 1101 3517 deleaute,
1110 3452 1161 3507 boe
1172 3467 1223 3522 est,
1237 3454 1363 3530 indigna-

317 3545 342 3579 ι.
363 3524 450 3579 Suom
471 3529 672 3578 exsecuetmem.
698 3525 797 3596 Legunt
845 3529 898 3596 tio,
913 3549 968 3600 pars
983 3542 1019 3584 est
1034 3529 1149 3606 Epilogi.
1162 3532 1289 3588 Excessus
1299 3553 1362 3589 vero

284 3603 330 3656 alii
339 3605 554 3669 excusatiorem,
567 3602 612 3656 alii
627 3605 796 3657 exercitatio·
844 3605 897 3658 sive
910 3605 1090 3677 Digressienes
1101 3620 1170 3661 certo
1183 3609 1242 3664 loco
1253 3630 1309 3664 non
1318 3631 1362 3664 se-

284 3703 351 3738 nem.
363 3683 445 3735 Locus
457 3700 517 3736 eane
530 3682 681 3734 decurtatus.
693 3682 796 3754 Integre
846 3683 922 3750 dent,
936 3684 1028 3755 quibus
1045 3687 1237 3758 quodammode
1250 3709 1363 3764 respen-

285 3760 354 3816 enim
367 3760 395 3812 in
408 3759 528 3831 Epitoma
538 3759 574 3811 sic
593 3759 700 3832 legitur:
719 3755 797 3822 eSed
846 3762 1067 3830 dentelaleamel
1079 3769 1238 3838 τὸνχορίον,
1247 3769 1363 3824 Hermo-

282 3853 405 3913 lanquam
429 3838 637 3896 Controversiam
665 3837 797 3912 implebat.
847 3843 907 3915 geni
919 3853 944 3895 el
955 3844 1234 3908 mullaffedcaoasuue·
1245 3846 1345 3903 Schera.

281 3921 376 3975 Omnis
387 3918 491 3990 questio
507 3936 579 3970 suam
595 3917 796 3990 propositionem
879 3921 903 3974 3.
917 3922 965 3974 Ita
980 3942 1063 3976 uuam
1076 3928 1281 3978 controversiam
1294 3946 1364 3994 pto-

280 3997 404 4066 babebat,
418 4016 489 4053 suam
504 3996 724 4064 exercitationem,
738 4015 796 4050 suos
842 3999 965 4068 ponebat.
985 3999 1119 4069 Quatenus
1147 3999 1291 4056 dicendum
1314 4003 1362 4066 sit,

283 4097 410 4143 excessus,
428 4095 485 4132 suas
496 4076 701 4150 indignationes,
713 4075 796 4144 opilo·
845 4078 904 4131 vide
925 4077 1068 4150 elegantem
1093 4077 1173 4131 Plinii
1191 4079 1311 4134 Juniuris
1330 4079 1361 4134 atl

282 4175 343 4229 gum
352 4177 454 4228 quoque
462 4175 543 4210 suum.
551 4155 589 4208 lta
598 4174 677 4208 unam
686 4152 797 4208 Contro—
845 4155 960 4210 Tacitum
973 4154 1212 4231 Epistolamlib.1,
1224 4157 1308 4231 Epist.
1322 4173 1361 4214 n.

280 4234 391 4288 versiam
410 4234 563 4310 exponebat,
584 4233 668 4306 plures
688 4231 795 4288 dicebat.
845 4233 882 4290 N·
896 4232 992 4288 Faber.
1090 4297 1097 4310 Ι
