2866 4814
293 432 337 497 90
620 407 669 473 n.
695 405 841 474 tunm
864 407 1044 478 sensus

342 535 518 601 Mauram.
530 534 575 600 Ut
586 533 731 600 sciamus
739 531 830 600 illam
841 531 933 624 apud
945 531 1101 601 lenonem
1118 534 1235 616 luisse,
1246 535 1373 606 blanda

295 665 347 720 est
363 676 370 714 ι
388 665 426 718 ut
440 650 583 718 sciamus
594 647 687 740 apud
699 649 848 741 piratas,
867 663 1007 716 cruenta
1023 664 1086 717 est.
1101 651 1224 733 Nemo,
1242 653 1372 744 inquit,

295 789 349 834 me
362 766 487 856 attigit.
500 765 552 834 Da
563 763 647 832 mihi
662 763 795 832 lenonis
812 766 977 849 rationes3
992 781 1134 858 captura
1147 771 1154 802 ¹
1173 771 1373 838 conveniet.

295 883 368 976 Age
379 931 395 966 ,
407 883 434 950 si
448 883 526 973 quis
539 882 633 949 venit
651 882 832 973 pertinax?
845 903 927 972 age,
945 881 973 948 si
988 881 1064 971 quis
1077 880 1144 950 hoc
1157 883 1272 973 ipsum
1288 908 1372 953 con·

294 999 424 1092 cupivit
435 997 527 1089 quod
538 998 636 1091 virgo
649 998 750 1065 erasi
764 1020 851 1089 age,
872 996 1009 1087 siquis,
1027 1020 1070 1064 ue
1086 1021 1213 1089 negare
1230 1023 1366 1090 posses,

295 1113 612 1208 serrumappulit².
772 1144 778 1176 t
1179 1135 1182 1140 ·

344 1234 538 1305 P.›V1erru.
558 1233 637 1298 Eam
664 1226 871 1297 sacerdotem
899 1229 1015 1314 facite,
1047 1253 1122 1321 quas
1147 1245 1207 1298 aut
1229 1231 1372 1302 honeste

297 1362 448 1428 mancat,
471 1337 713 1436 quodsemper
727 1343 808 1425 fuit,
837 1358 896 1411 aut
920 1366 1054 1435 paenam
1080 1345 1227 1428 sentiat,
1250 1346 1279 1413 si
1300 1369 1382 1414 esse.

298 1463 450 1532 desierit.
470 1463 576 1554 Cujus
597 1457 748 1529 audaciae
764 1483 821 1542 es,
844 1458 983 1551 puella?
1007 1461 1156 1529 etiamsi
1183 1462 1287 1530 nobis
1303 1487 1374 1530 noa

296 1582 513 1660 timeremus,
535 1594 572 1648 tu
593 1578 656 1646 tibi
674 1591 826 1645 metuere
842 1575 998 1661 deberes.
1016 1577 1125 1644 Aliter
1139 1575 1282 1646 deorum
1301 1603 1373 1645 nu-

298 1699 382 1766 mini
393 1697 544 1788 subjecta
555 1693 825 1785 uuiuscujusque
841 1693 1049 1761 conscientia
1059 1709 1123 1778 est,
1139 1693 1240 1762 aliter
1251 1711 1374 1762 nostrae

299 1811 524 1882 aestimationi.
553 1813 623 1878 Nos
648 1804 776 1876 tantum
801 1833 875 1900 quae
900 1808 1028 1876 feceras
1046 1808 1180 1903 palam,
1197 1810 1371 1899 vidimus3

299 1929 371 2015 itti,
395 1929 496 1996 etiam
517 1950 592 2020 quae
609 1942 739 1996 secreta
759 1942 850 1994 sunt.
873 1925 1052 2017 Indignam
1070 1924 1258 1995 sacerdotio
1279 1925 1373 1995 dicc-

300 2069 392 2127 rem,
406 2047 434 2112 si
444 2044 621 2112 transisses
635 2067 698 2136 per
707 2043 865 2136 lupanar.
879 2040 1090 2110 Procedente
1100 2042 1165 2110 hac
1177 2042 1279 2110 lictor
1291 2043 1373 2110 sub·

272 2207 273 2210 ¹
302 2182 439 2229 movere
449 2153 668 2252 jubebitur³P
683 2160 766 2228 huic
783 2175 909 2251 praetor
924 2161 980 2226 via
993 2158 1093 2226 cedet
1105 2159 1119 2226 l
1131 2183 1299 2228 summum
1309 2161 1375 2225 im-

299 2279 434 2371 perium
459 2270 641 2345 consules⁴
680 2276 803 2344 cedent
828 2276 918 2344 tibi?
947 2276 1182 2368 Quacumque
1213 2277 1377 2343 meretrix

199 2393 203 2401 ’
299 2409 469 2488 prostrata
487 2394 570 2475 fuit,
590 2393 724 2486 lugiet?
740 2395 807 2460 Fas
824 2392 990 2462 sacerdoti
1006 2415 1074 2460 nou
1095 2407 1194 2476 esset,
1216 2393 1378 2460 ancillam

300 2510 371 2588 tibi¹
384 2510 526 2578 similem
553 2509 681 2578 habere
698 2536 705 2575 :
725 2509 801 2576 fieri
828 2525 862 2576 te
888 2507 1093 2576 sacerdotem
1112 2509 1161 2576 fas
1176 2509 1274 2576 'criti'
1289 2510 1373 2575 Nam

301 2625 394 2719 quod
409 2625 453 2694 ad
472 2641 594 2694 sortem
614 2626 782 2719 pertinet,
802 2649 846 2692 ne
869 2625 1010 2717 reliqum
1028 2625 1180 2720 virgines
1204 2627 1376 2694 contami-

338 2840 359 2871 ι.
373 2817 498 2885 Captum.
522 2818 590 2871 Hinc
613 2837 671 2870 ruox
689 2829 817 2886 capturas
867 2818 998 2877 dixissem,
1016 2818 1038 2870 si
1059 2817 1104 2870 tibi
1121 2817 1223 2871 lictore
1241 2833 1377 2891 conspectu

304 2905 379 2949 rorat
399 2895 499 2947 Cestius
518 2894 595 2947 Pius:
611 2917 623 2941 n
639 2895 750 2961 blanus,
773 2895 818 2946 in·
868 2916 920 2948 non
940 2896 1106 2949 submovisset
1119 2896 1316 2950 meretricem.»
1339 2897 1377 2948 De

303 2973 374 3041 quit,
383 2991 440 3043 quse
452 2971 508 3023 Dii·
521 2971 609 3024 datura
620 2985 672 3024 erat
683 2991 761 3032 sacra,
774 2993 816 3026 ca·
867 2977 1039 3046 Augustorum
1057 2974 1159 3026 feminis
1173 2975 1277 3026 'l’acitus
1289 2974 1333 3026 lib.
1345 2975 1380 3036 Ι,

305 3058 391 3121 pluras
403 3049 468 3102 tulit.
483 3071 496 3097 s
510 3047 606 3102 Schott.
868 3064 891 3103 et
902 3051 977 3104 initio
987 3051 1032 3103 lib.
1047 3051 1110 3103 Xlll
1123 3051 1273 3103 Annalium.
1281 3051 1321 3103 De
1335 3052 1376 3102 Sa·

337 3147 360 3178 a.
368 3125 481 3178 Ferrum
491 3129 623 3195 appulit?
632 3127 729 3180 Cestius
744 3129 818 3181 Pius:
867 3129 967 3183 cerdote
978 3149 1037 3181 vero
1051 3128 1139 3181 vestali
1150 3128 1193 3180 hic
1207 3127 1305 3180 Cestius
1317 3128 1378 3180 Pius

311 3227 325 3252 a
334 3203 377 3257 sic
387 3202 516 3256 venientes
525 3203 655 3275 deprecata
665 3217 708 3267 est,
718 3207 819 3258 utlerro
869 3218 924 3280 post
936 3207 1012 3279 paulo
1024 3225 1030 3257 :
1045 3227 1058 3253 a
1071 3207 1130 3257 Non
1143 3205 1197 3258 sine
1209 3224 1284 3257 causa
1294 3226 1377 3258 sacer·

308 3301 370 3352 opus
384 3294 454 3334 esset.
464 3303 478 3328 a
499 3280 563 3335 ddd.
582 3294 668 3334 tamen
679 3279 724 3334 liu.
743 3281 818 3334 Cou—
867 3283 920 3336 doti
943 3282 1017 3334 lictor
1034 3295 1135 3354 apparot
1151 3301 1156 3334 :
1171 3283 1315 3335 occurrenti
1331 3282 1376 3334 tibi

307 3373 371 3412 tros.
382 3358 482 3414 Scbult.
867 3361 1024 3413 meretricem
1039 3359 1213 3412 submovisset.
1227 3381 1240 3405 a
1253 3357 1350 3414 Scllott.

338 3437 363 3487 3.
381 3436 536 3489 Procedente
554 3439 602 3490 buc
615 3441 690 3490 lictor
706 3438 817 3490 submo-
901 3438 925 3504 4.
939 3437 1079 3490 Summum
1097 3440 1236 3508 imperium
1253 3442 1377 3490 consules.

307 3534 363 3569 vere
375 3515 512 3579 jubebitur.
533 3515 568 3567 Ut
582 3515 699 3589 praetori,
716 3513 774 3568 Cos.
792 3528 816 3568 et
866 3515 917 3569 Pro
929 3535 1029 3567 summo
1043 3513 1116 3568 etiam
1135 3514 1243 3587 imperio
1259 3515 1376 3568 cousula-

275 3605 281 3618 '
306 3591 429 3645 Dictatori
443 3591 541 3647 littores
556 3593 692 3667 praeibant,
706 3593 750 3663 qui
763 3615 817 3665 po·
868 3607 922 3644 tum
934 3591 1009 3644 babet
1019 3593 1098 3644 Tacit.
1111 3591 1202 3662 inipso
1213 3591 1306 3646 limine
1317 3596 1375 3645 An-

304 3668 392 3743 pulum
401 3669 554 3735 salutamen,
565 3684 592 3722 ut
601 3671 718 3734 lenones,
727 3689 815 3724 more·
864 3668 916 3721 nal.
930 3669 974 3721 ubi
991 3669 1094 3722 annales
1111 3689 1188 3734 suos,
1203 3670 1297 3740 quibus
1316 3670 1377 3721 ritas

304 3748 377 3801 trices
384 3746 571 3816 submoverent,
581 3762 740 3802 occurrentes
750 3767 815 3818 equo
865 3744 990 3800 Caesarum
1010 3745 1041 3797 ab
1061 3766 1160 3799 excessu
1174 3748 1305 3816 exequitur
1322 3747 1377 3798 Au-

306 3825 459 3880 descendere
473 3824 589 3895 juberent
600 3845 607 3877 2
621 3827 655 3879 ita
666 3840 690 3878 et
701 3827 812 3899 impera·
866 3826 947 3894 gusti,
957 3824 1044 3898 priscae
1054 3825 1116 3899 reip.
1126 3837 1181 3898 apte
1192 3825 1377 3898 ingenioseque

304 3918 389 3958 torum
401 3905 520 3958 uxoribus
539 3918 563 3957 et
578 3905 720 3958 Vestalibus
739 3925 817 3978 apps-
866 3903 1057 3967 commissuros,
1075 3904 1197 3976 imperia,
1217 3924 1275 3974 (μιν,ι
1288 3923 1377 3974 quon-

305 4004 360 4036 rere
379 3983 465 4036 solitos
486 3983 589 4056 colligo.
605 3985 639 4036 D.
649 3985 678 4036 1..
692 3982 813 4052 Quinctio
867 3982 924 4034 dam
937 3982 1115 4044 obtinuerant,
1132 4001 1238 4054 quaeque
1251 3995 1376 4056 postremo

194 4113 199 4118 ,
305 4061 453 4114 Flaminino
471 4061 625 4116 Proconsule
643 4061 703 4116 intr.
716 4059 761 4112 lib.
778 4061 813 4130 V,
864 4062 921 4115 loco
931 4062 1083 4134 principatus
1096 4073 1121 4113 ct
1132 4073 1240 4131 potestas
1248 4061 1375 4115 Cauarum

303 4138 339 4190 sic
352 4137 527 4194 Blandueaitt
543 4139 722 4212 «Maiestatem
730 4139 816 4194 laesam
865 4140 974 4212 excepit,
990 4139 1134 4192 summatim
1149 4153 1281 4194 enumerat
1292 4180 1305 4206 ,,
1318 4139 1375 4192 dei'o
