2874 4768
269 383 684 478 cxcnnrrnconrn.
710 413 887 499 mn1x,
914 414 965 510 ι’.Ι
1035 441 1040 452 ·
1073 417 1139 506 ⁵97

57 559 219 620 manua,
245 551 280 603 et
301 534 426 602 foedere
449 536 654 605 continetur.
681 541 780 607 Nunc
802 563 865 608 nec
890 542 1019 609 viribus
1036 541 1138 632 quid-

60 674 188 741 quam.
204 649 525 742 popuiidetraotum
546 666 612 732 eat,
633 675 695 720 nec
714 655 879 746 opinioni.
900 657 944 723 At
960 680 999 723 ex
1018 671 1051 723 te
1070 679 1137 724 cte-

63 781 171 834 teroa
193 767 369 842 aeatimant.
400 769 441 832 Et
467 781 544 833 ante
569 767 662 834 huno
684 768 741 844 alii
768 770 924 852 fuerunt,
952 772 1139 862 exquibus
1170 779 1173 784 '

62 879 242 948 aeatimari
255 897 409 974 poaannt.
427 878 535 949 Nemo
551 878 714 951 adscribit
731 885 873 953 urbibus
891 886 971 952 vitia
987 886 1139 977 cingulo-

63 1021 170 1064 rum.
199 997 373 1090 Objicinnt
400 997 492 1088 quod
516 997 691 1067 damnatus
717 1001 859 1091 perierit
881 1003 1075 1082 meretrici,
1096 1013 1133 1069 et

65 1113 249 1205 postulant
264 1129 439 1206 praetorem
455 1112 568 1204 perire
592 1110 760 1181 damnato.
784 1115 905 1183 Libido
922 1118 1028 1184 omnio
1048 1118 1136 1184 intra

67 1229 291 1296 meretricem
306 1245 373 1311 cot,
387 1228 566 1297 crudelitas
578 1230 667 1297 intra
679 1253 858 1298 carcerem.
874 1231 980 1298 Multa
993 1233 1137 1325 populna

67 1344 249 1410 Romanus
266 1345 300 1410 in
322 1346 390 1412 suia
411 1337 677 1438 imperatoribus¹
688 1341 766 1411 tulit
791 1371 799 1411 ε
825 1346 861 1411 in
882 1345 1009 1412 Manlio
1026 1347 1136 1437 impo-

70 1459 236 1542 tentiam,
258 1482 278 1524 a
296 1483 363 1549 quo
384 1474 419 1525 et
438 1457 528 1525 filino
547 1472 581 1525 et
598 1459 708 1525 victor
727 1459 856 1526 occiana
880 1475 955 1544 θοις
984 1460 1020 1526 in
1046 1460 1136 1551 sylla

71 1569 333 1658 crudelitatem
354 1574 389 1640 in
409 1572 550 1640 Lucullo
563 1572 727 1639 luxuriam
745 1601 754 1657 3
771 1573 805 1639 in
825 1572 936 1640 multia
948 1574 1132 1641 avaritiam.

71 1689 154 1754 Non
170 1689 284 1779 patavi
310 1687 441 1755 adrem
461 1688 652 1780 pertinere,
670 1686 729 1754 ubi
749 1687 807 1754 aut
826 1686 960 1778 qnando
985 1689 1131 1780 periret,

75 1803 141 1893 qui
166 1804 281 1894 perire
299 1803 453 1882 deberet.¹
469 1803 610 1871 Occiana
627 1817 698 1889 eot3
717 1803 816 1894 quia?
840 1802 1031 1891 damnataa3
1050 1803 1136 1870 nbi?

73 1918 115 1983 in
128 1917 304 2009 praetorio3
322 1939 389 2007 quo
408 1893 752 2009 temporeieat'enim
766 1932 914 2010 tempos,
933 1921 1000 2009 quo
1020 1917 1135 1985 noxius

77 2033 196 2124 perire
209 2015 276 2099 non
292 2027 434 2098 debeat?

129 2241 304 2312 EXTRA:
317 2191 479 2335 Qnaedam
497 2247 735 2314 controversiae
752 2263 847 2330 aunt,
871 2248 907 2314 in
926 2245 1049 2339 quibua
1065 2247 1136 2317 sac-

80 2373 153 2425 tum
172 2355 307 2424 defendi
325 2372 452 2450 potest,
476 2359 625 2424 excusari
646 2382 713 2425 non
731 2374 852 2450 potent.
870 2347 946 2426 Non
964 2382 1135 2452 operamne

79 2487 120 2539 ut
137 2469 361 2538 Flamininum
376 2470 481 2562 judex
496 2471 634 2564 probet,
657 2472 718 2539 ned
735 2488 772 2540 ut
785 2472 941 2540 dimittat.
956 2473 1075 2564 Itaqtie
1086 2477 1135 2540 oio

81 2583 183 2676 egere
207 2582 383 2666 debemus,
409 2598 565 2676 tanquam
589 2607 651 2676 pro
669 2584 755 2651 facto
773 2607 840 2651 non
858 2583 1054 2667 emendato,
1075 2583 1135 2651 aed

83 2722 152 2767 non
168 2698 339 2765 scelerato.
355 2698 454 2765 Titua
467 2700 583 2766 Livius
598 2696 640 2767 de
654 2699 842 2768 oratoribus
848 2748 859 2785 ,
880 2700 938 2792 qui
952 2698 1055 2768 rerba
1072 2722 1139 2765 an-

84 2815 177 2906 tiqua
196 2829 229 2880 et
244 2811 378 2882 sordida
396 2830 644 2900 connectantur,
663 2830 697 2883 et
714 2815 856 2883 oratoris
875 2814 1133 2896 obscuritatem,

84 2931 292 2998 severitatem
310 2945 429 3021 putant
448 2955 456 2997 ι
474 2945 584 2998 tamen
603 2931 708 2998 inhio
727 2935 826 3000 etiam
842 2933 870 2998 ai
885 2933 996 2999 minua
1012 2945 1062 2998 est
1076 2931 1135 2996 in-

85 3045 203 3130 aaniae,
227 3047 338 3113 minua
359 3046 431 3138 spei
454 3061 515 3114 eat.
540 3045 612 3127 Ilii,
634 3049 692 3138 qui
710 3062 858 3129 tament,
881 3061 916 3114 et
930 3044 1134 3114 abundantia

85 3161 250 3242 laborant,
268 3160 344 3254 plna
357 3160 484 3228 habent
496 3160 637 3244 furoria,
654 3161 712 3229 aed
725 3161 801 3254 plus
814 3178 847 3228 at
860 3161 1023 3253 corporis.
1039 3163 1134 3230 Sem-

87 3301 147 3372 per
165 3277 207 3344 ad
225 3271 404 3345 sanitatem·
415 3265 598 3368 proclivius
611 3291 676 3359 eat,
697 3275 788 3369 quod
804 3291 913 3371 potest
930 3275 1135 3346 detractione

87 3394 195 3460 ou'rari
213 3419 220 3458 :
236 3392 286 3459 iiii
301 3392 452 3460 succurri
466 3415 535 3459 ιιοιι
552 3407 679 3485 potent,
702 3395 760 3484 qui
778 3392 924 3462 simulet
944 3393 1085 3474 insanit,
1101 3408 1134 3461 et

89 3505 215 3575 deficit.
243 3505 462 3575 Murrhediua
489 3505 572 3575 dixit
594 3509 777 3577 tetracolon
799 3535 807 3575 ε
829 3507 1001 3576 Serviebat
1027 3505 1134 3574 forum

89 3612 257 3707 cubiculo,
276 3637 400 3716 praetor
413 3625 607 3720 meretrici,
626 3647 742 3692 carcer
754 3625 925 3707 convivio,
944 3622 1017 3690 dieo
1030 3624 1132 3690 nocti.

89 3739 269 3806 Novissima
283 3761 360 3832 pars
373 3739 447 3806 aine
461 3761 560 3805 aenan
573 3737 662 3805 dicta
675 3754 737 3824 eat,
756 3752 794 3804 nt
806 3737 997 3830 expleretur
1010 3738 1135 3804 circai-

91 3871 157 3940 tna3
181 3879 280 3947 quem
307 3855 397 3923 enim
423 3878 555 3923 aeneum
582 3843 703 3940 habiet,
728 3853 901 3924 Serviebat
926 3851 1000 3921 dieo
1023 3855 1137 3920 nocti?

91 3973 180 4038 Hanc
209 3966 285 4039 ideo
308 3971 504 4038 sententiam
529 3968 656 4052 retuli,
652 3970 762 4100 quia
784 3985 817 4036 et
840 3969 876 4036 in
900 3967 1026 4036 tricolis
1046 3983 1079 4036 et
1100 3970 1136 4035 in

93 4083 240 4153 omnibns
262 4084 363 4176 hujus
386 4087 519 4177 generis
534 4051 727 4171 oenteniiia,
753 4107 907 4154 commus
924 4101 963 4153 ut
979 4104 1137 4160 numerus
