2894 4784
314 467 621 538 suasomauuu
640 472 786 554 menn,
815 497 845 538 α.
882 451 885 460 ‘
1043 467 1109 566 ⁶39

22 599 196 667 Sciamus
223 595 340 666 saltem
365 596 442 686 quis
465 596 508 663 sit
532 597 612 679 iste,
637 621 738 687 quem
763 589 920 690 fugimus.
946 591 1045 668 Vicit.
1067 603 1112 670 Aa

23 714 207 784 victoria¹
240 710 387 780 dedecus
413 710 481 778 elui
508 725 630 804 potest.
651 715 695 781 Ut
721 717 832 780 omnia
853 713 986 783 fortiter
1004 715 1107 800 fient,

26 829 194 896 feliciter
211 825 332 896 cadant
348 852 356 894 ι
373 824 515 894 multum
530 841 640 893 umen
653 829 782 895 nomini
795 845 911 896 nostro
927 825 1110 900 detructum

27 958 84 1032 est
99 943 206 1034 jam,
225 944 394 1024 Lacones,
413 939 526 1031 quod,
545 966 589 1010 an
607 941 817 1034 fugeremus,
835 919 1116 1013 deliberavimus.

27 1061 79 1128 Ut
99 1059 204 1128 enim
220 1082 287 1126 non
304 1058 508 1141 moriamur,
529 1076 691 1149 quantum
708 1058 752 1126 ad
770 1084 823 1126 me
843 1060 979 1151 quidem
1002 1064 1114 1154 perti-

29 1182 124 1259 net,
147 1188 227 1267 post
243 1174 333 1242 banc
351 1167 630 1242 deliberationem
651 1173 740 1240 nihil
758 1174 852 1242 aliud
872 1174 970 1244 timeo
977 1165 1112 1268 ,quam
1178 1191 1184 1202 “

31 1313 83 1374 ne
104 1305 337 1358 revertemur.
354 1288 456 1356 Arma
470 1287 568 1356 nobis
581 1275 703 1356 fabulae
714 1289 887 1358 excutiunt
896 1293 911 1356 Ξ)
920 1315 1011 1360 nuuc
1024 1287 1115 1361 nune

33 1429 255 1502 pugnemus.
272 1405 441 1474 Lutuisset
463 1407 570 1474 virtue
588 1404 677 1473 inter
694 1422 873 1475 trecentos.
894 1409 1013 1476 Caeteri
1032 1401 1114 1500 qui-

37 1524 128 1600 dem
150 1523 324 1615 fugerent3
343 1521 372 1589 ei
391 1545 445 1588 me
464 1519 609 1613 quidem.
617 1525 833 1616 interrogatis
849 1523 933 1614 quid
950 1527 1113 1608 centiam,

38 1664 113 1732 ego
135 1640 174 1706 in
189 1651 341 1706 nostrum
357 1653 393 1704 et
409 1637 445 1704 in
461 1638 601 1705 Greciae
616 1636 841 1730 patrocinium
860 1639 979 1730 loquar
996 1641 1117 1709 :electi

41 1781 191 1837 sumus,
211 1779 278 1823 non
292 1753 416 1822 relicti.
1026 1742 1028 1750 ’

98 1876 204 1942 Gtru
222 1873 348 1941 Sterni.
374 1873 491 1962 Turpe
510 1885 562 1937 cst
577 1869 717 1937 cuilibet
730 1872 805 1938 viro
825 1871 949 1964 fugisse
968 1878 1118 1944 :Laconi

43 1989 158 2056 etiam
176 1986 393 2054 deliberasse.

101 2107 281 2200 Maurum.
301 2104 341 2170 ln
354 2103 421 2170 boc
433 2102 631 2182 restitimus,
649 2125 693 2169 ne
705 2104 742 2170 in
756 2103 1120 2197 turbafugientiumlu-

46 2239 218 2318 teremus.
248 2219 383 2289 Habent
410 2218 688 2310 quemadmodum
718 2242 754 2307 ee
791 2236 950 2292 excusent
978 2225 1120 2292 trecenti

48 2337 209 2406 Groeciae.
235 2333 384 2402 Munitae
402 2334 671 2426 Thermopylas²
691 2336 772 2402 satis
787 2339 997 2428 putavimus,
1017 2363 1120 2429 quum

53 2452 333 2540 relinqueremus
349 2448 420 2516 illic
434 2452 595 2516 Laconas.

64 2635 67 2640 ,
105 2568 221 2635 Cesru
245 2569 314 2634 Pu.
339 2565 449 2656 Quam
473 2580 572 2655 turpe
598 2547 928 2656 fugerejudicastis,
947 2569 1119 2648 Lacones,

51 2681 188 2752 tamdiu
203 2669 272 2750 non
285 2680 471 2773 bagiendoi’
482 2677 649 2748 Omnibus
663 2701 723 2745 sua
737 2677 857 2745 decora
871 2666 967 2761 aunt,
983 2678 1124 2748 Atbenoe
1226 2723 1231 2730 -

54 2797 254 2890 eloquentia
281 2796 414 2889 inclyte
435 2812 532 2876 sunt,
560 2794 689 2863 Thebae
705 2787 840 2875 sacris,
867 2797 986 2888 Sparta
1007 2799 1121 2865 armis.
1211 2831 1215 2839 ·

54 2911 142 2980 Ideo
156 2909 246 2979 banc
261 2901 424 2978 Eurotas³
443 2908 551 2976 amnis
564 2907 785 2989 circumfluit,
806 2910 865 3000 qui
882 2911 1062 3002 pueritiam
1076 2912 1127 2976 in-

57 3025 164 3095 durat
172 3025 216 3093 ud
227 3025 348 3093 futurae
360 3023 487 3091 militiae
499 3023 694 3117 patientiam
706 3025 721 3092 Ρ
733 3017 971 3118 ideoTeygeti
985 3019 1127 3094 ⁴montis

59 3202 133 3256 enim
146 3213 240 3254 terrore
253 3199 374 3273 correpti,
392 3211 420 3252 ut
433 3213 457 3252 et
468 3199 537 3260 eliis,
550 3200 572 3252 si
619 3199 821 3273 interrogatione
841 3201 950 3273 legende
969 3215 1022 3263 est,
1042 3204 1128 3273 inquit

61 3280 176 3350 majores
192 3279 256 3343 sint,
272 3277 373 3332 furiosis
386 3277 509 3347 nulloque
527 3277 572 3348 jn·
620 3277 711 3342 Faber,
725 3296 800 3346 quem
818 3296 870 3330 non
889 3279 974 3330 audio.
992 3278 1127 3331 Aberrssse

62 3357 133 3412 dicio
145 3357 278 3430 agentibus
290 3355 385 3408 similes
397 3367 463 3407 sunt.
475 3353 572 3407 Schutt.
620 3373 634 3405 s
647 3373 706 3406 vcro
721 3353 888 3419 crediderim,
909 3355 978 3425 quod
990 3375 1042 3408 non
1064 3357 1129 3410 vidit

101 3455 122 3487 ι.
138 3436 215 3487 Vicit.
224 3437 264 3487 Ae
272 3436 388 3487 victoria.
398 3432 497 3486 Vicisse
507 3432 573 3484 Xer·
621 3451 662 3494 ea,
676 3450 732 3502 quae
747 3431 893 3502 hujusmodi
913 3447 967 3504 post
983 3434 1129 3508 interroge-

64 3533 165 3570 semen
178 3511 247 3576 vult,
261 3525 383 3581 qusutum
396 3511 488 3578 credo,
503 3511 573 3582 quod
620 3511 716 3564 tionem
731 3509 865 3578 exspectari
874 3511 957 3564 solent
966 3529 972 3564 :
982 3531 1039 3582 quse
1048 3525 1129 3565 meent

42 3661 44 3666 Α
63 3592 184 3648 trecentis
200 3611 257 3644 euna
271 3591 383 3644 adventu
396 3609 442 3642 suo
457 3592 575 3664 praebus-
625 3587 724 3658 vulgari
735 3587 832 3641 ratione
845 3606 852 3641 t
864 3588 930 3641 Ideo
938 3590 1005 3642 hunc
1016 3591 1128 3656 (urbem)

65 3681 106 3722 rat
128 3681 249 3721 terrorem
266 3708 273 3735 ,
300 3681 327 3720 ut
350 3669 485 3741 sugerent3
508 3667 577 3738 quod
626 3665 742 3718 Eurotas
754 3669 841 3718 curuis
856 3667 1028 3734 circumfluit,
1043 3679 1088 3719 etc.
1103 3681 1130 3720 ut

56 3765 141 3810 ,nunc
158 3746 265 3798 dedecus
283 3746 412 3798 fortissimi
426 3744 522 3809 erbis,
534 3741 579 3813 qui
627 3745 740 3798 lacones
751 3741 783 3794 de
796 3745 861 3813 ,luga
875 3742 1044 3796 deliberarent
1054 3761 1130 3813 seque
1243 3755 1248 3765 '

67 3837 257 3890 remanserant,
269 3825 361 3878 virtute
369 3837 393 3878 et
401 3823 506 3878 victoris
517 3823 579 3876 abo·
629 3819 1132 3886 numererent,nourestimarentScbult.

68 3904 176 3959 lendum
189 3915 296 3957 censent.
307 3902 406 3955 Schult.
661 3901 685 3966 4.
695 3899 722 3950 Τ
717 3902 806 3968 cygetr'
811 3901 913 3950 montis.
924 3897 1040 3966 Taygeta
1046 3897 1134 3949 Pleis-

106 4003 129 4034 ι.
141 3981 264 4036 Meritus
280 3979 478 4050 Thermopylas.
495 3976 579 4032 Verba
630 3976 691 4033 dum
703 3996 754 4028 una
765 3975 888 4049 Hygino,
901 3993 957 4044 quse
970 3993 998 4027 ex
1012 3973 1136 4044 Jovepe·

72 4079 99 4112 se
112 4057 293 4112 excusantium.
307 4057 407 4110 Schult.
518 4107 520 4112 ,
630 4055 694 4126 perit
713 4054 922 4108 Laecdaemonem
938 4050 1008 4104 urbis
1024 4051 1137 4104 eondito-

106 4137 130 4190 3.
143 4138 210 4190 Ideo
220 4135 288 4186 banc
297 4133 422 4188 Eurotas·
435 4135 497 4188 llree
505 4133 582 4200 clau·
630 4153 693 4186 rem.
708 4132 840 4204 Taygetus
852 4149 912 4182 vero
924 4130 1136 4198 monebamus,

73 4212 128 4268 suls
150 4233 209 4266 cum
221 4211 301 4264 tribus
314 4212 475 4282 sequentibus
488 4211 582 4282 ubsque
631 4201 723 4264 Libero
740 4209 802 4282 patri
819 4226 899 4271 aseer,
920 4208 1004 4279 inquit
1027 4208 1139 4262 Servius.
