2894 4784
372 387 677 462 suasomtnum
703 394 852 477 unna,
882 418 913 458 ι.
1110 392 1175 485 ⁶⁴7

153 519 326 588 barontus
349 521 494 588 Ararene
514 519 606 587 inter
624 519 740 613 plures
758 523 942 592 sententiaa
956 517 1092 588 videtur
1103 519 1181 613 pal-

100 659 196 706 mam
207 636 396 718 neruine,
414 634 500 704 dixit
516 637 609 704 enim
628 656 637 704 t
653 636 845 731 Othryadae
858 662 955 732 paene
977 662 998 707 a
1024 635 1181 732 sepulcro

100 755 218 822 vietor
231 753 349 847 digitio
360 751 503 822 vulnera
515 754 638 845 gestit,
654 770 693 822 nt
707 755 859 849 tropbteo
872 759 1044 825 [aeonum
1056 755 1182 824 interi·

102 872 219 952 beret,
237 870 379 964 dignum
398 871 566 964 Spartano
582 886 790 941 oaemmento
804 873 938 956 tirum,
953 871 1051 963 eujus
1065 892 1110 940 ne
1122 869 1182 938 lit·
1294 919 1295 922 ,

103 986 338 1082 tantumdem
355 985 451 1056 fuere
469 988 543 1056 tine
557 988 738 1084 sauguine.
848 1011 856 1040 s

156 1105 276 1174 crem·
294 1104 440 1172 Cortona.
464 1102 685 1197 Municipalio
702 1106 887 1176 Gatozeoa¹
912 1105 999 1176 dixit
1023 1119 1102 1199 poat
1120 1125 1180 1174 re-

104 1222 212 1291 latum
233 1220 422 1314 exemplam
439 1219 648 1313 Othryadae3
669 1218 804 1290 dicebat
821 1221 1038 1315 municipalia
1052 1246 1062 1289 ι
1076 1218 1182 1290 Aliud

104 1351 259 1422 ooeteroa,
272 1334 367 1405 aliud
377 1339 529 1406 Iaoonaa
539 1335 651 1421 deoet.
660 1339 730 1406 Noe
744 1339 818 1406 tine
830 1336 965 1408 delieiie
978 1335 1178 1421 eduoomur,

104 1455 184 1524 aine
200 1453 307 1522 muria
318 1450 483 1539 vivimus,
499 1453 575 1521 eine
586 1442 655 1522 vita
670 1455 850 1524 vincimus.

157 1571 299 1640 &nuo
317 1568 404 1655 luit,
423 1566 521 1660 eujus
540 1591 665 1638 nomen
688 1569 734 1638 od
753 1594 815 1640 roo
830 1571 942 1663 potuit
958 1569 1155 1664 pervenitee
1165 1617 1177 1655 ,

105 1687 242 1782 ingenii
252 1683 382 1756 oonbrti
390 1683 638 1768 aeturbulenti,
651 1687 711 1777 qni
725 1685 885 1778 cupiebat
896 1680 1039 1778 grandia
1048 1681 1177 1772 dicere,

104 1803 196 1873 adeo
213 1817 252 1871 ut
268 1792 449 1870 nouissime
467 1798 570 1893 bujue
585 1801 637 1870 rei
656 1801 774 1870 morbo
795 1815 829 1870 et
846 1817 1020 1870 teneretur
1035 1815 1070 1870 et
1085 1801 1181 1872 ride·

105 1933 225 2004 retur;
251 1939 327 1987 nam
350 1929 386 1984 et
404 1938 519 1984 servos
542 1915 679 1984 nolebat
693 1915 846 1998 babere,
872 1915 939 1984 nisi
959 1905 1127 2007 granden,
1147 1929 1183 1984 et

104 2047 270 2125 argentea
292 2053 392 2115 vata,
420 2053 489 2098 non
513 2032 579 2098 nial
607 2030 763 2130 grandia.
789 2011 945 2101 Credatis
967 2028 1052 2099 mibi
1078 2031 1179 2100 velim

106 2173 178 2218 non
193 2147 344 2241 jacenti,
363 2169 404 2214 eo
422 2148 581 2239 pervenit
596 2149 729 2217 insania
742 2149 830 2242 ejus,
845 2163 882 2216 ut
898 2146 1029 2216 calceos
1042 2171 1181 2240 quoque

105 2265 254 2358 majores
270 2277 435 2349 sumeret,
455 2261 540 2330 fioua
560 2287 628 2333 non
647 2279 734 2333 eaeet
756 2265 822 2332 aiei
842 2265 1040 2351 mariaooa'3
1055 2287 1182 2332 conou-

106 2381 225 2450 binam
248 2379 398 2472 ingentio
414 2393 549 2446 etaturae
571 2379 738 2466 babebat,
761 2382 875 2450 omnia
896 2379 1040 2472 grandia
1054 2377 1182 2472 proba·

104 2497 166 2566 bat
185 2523 192 2563 :
210 2495 243 2564 ei
264 2491 457 2588 impositum
478 2511 529 2563 eat
548 2519 758 2588 cognomen,
781 2495 859 2580 vel,
883 2511 924 2562 ut
942 2495 1088 2562 Meaeala
1111 2494 1177 2581 ait,

103 2627 385 2706 cognomentum,
408 2627 442 2678 et
460 2613 572 2680 vocari
594 2613 697 2706 coeplt
716 2610 855 2679 Senecio
879 2603 1066 2679 Grandio³.
1088 2610 1127 2678 la·
1140 2610 1178 2678 in

103 2733 172 2800 bac
183 2729 333 2798 suasoria
343 2749 448 2819 quum
459 2729 626 2820 poeuintet
638 2726 956 2812 contradictionem,
970 2727 1019 2794 ait
1030 2751 1038 2795 ι
1051 2725 1180 2796 Omnes

106 2847 168 2939 qui
183 2845 275 2912 minei
289 2857 416 2911 erauta
431 2845 582 2928 Graecia,
599 2843 772 2939 fugerunt.
790 2843 938 2915 Sublatis
952 2841 1108 2910 manibus
1121 2842 1179 2908 iu-

105 2963 231 3030 niateno
255 2961 394 3028 nummio
415 2959 532 3052 digitis
555 2960 625 3048 (oio
650 2961 740 3029 enim
764 2961 911 3044 solebat,
931 2983 999 3052 quo
1015 2956 1179 3052 grandior

106 3079 222 3170 fieret)
237 3077 418 3163 exclamat,
435 3077 588 3163 Gaudeo,
604 3077 747 3170 gaudeo.
765 3077 970 3146 Mirantibus
983 3075 1081 3145 nobie
1095 3056 1181 3168 quid

108 3211 238 3262 tanturn
255 3192 337 3261 boni
349 3193 401 3261 illi
416 3193 633 3287 contigisset,
650 3191 801 3286 adjecit:
817 3197 924 3260 Totue
936 3195 1069 3261 Xerxes
1084 3215 1178 3260 meua

144 3405 165 3439 ι.
178 3385 353 3454 Manlcr'palr's
373 3385 511 3439 Gatozeos.
529 3387 618 3438 Voea-
701 3383 1035 3454 obtumescentem.
1048 3385 1177 3439 Grandia.

105 3463 197 3516 bolum
209 3464 258 3517 bne
267 3464 332 3517 nihil
344 3475 395 3529 est,
407 3478 429 3517 et
439 3465 493 3518 brec
506 3464 617 3518 clausula
667 3463 707 3514 De
721 3463 770 3517 boe
792 3463 850 3516 loeo
868 3463 1023 3517 sudaverunt
1036 3464 1086 3516 viri
1098 3463 1175 3516 doctis

107 3555 162 3594 tota
185 3545 288 3595 conluta
313 3553 350 3594 ast
368 3555 392 3594 et
410 3543 570 3616 perturbata,
585 3544 617 3595 ad
635 3599 638 3610 ,
666 3541 1178 3616 Minoremolimentoetaptioretentule·

106 3637 184 3690 quam
210 3618 277 3671 nibil
299 3619 395 3672 adlero.
418 3621 454 3672 Ν.
476 3622 567 3673 Faber.
584 3647 618 3659 -
667 3640 709 3692 gea
725 3631 771 3674 tet
787 3625 876 3674 vocare·
888 3626 962 3690 coepit
972 3621 1075 3674 Senecio
1084 3619 1178 3674 Gran-

107 3698 226 3751 schottus
240 3697 267 3748 in
280 3697 355 3750 variis
367 3697 422 3756 leet.
432 3698 538 3768 conjicit
554 3699 618 3750 sorte
667 3701 719 3753 dio.
739 3701 895 3769 Aliquando
915 3703 1011 3754 invenlt
1022 3719 1030 3752 .·
1042 3709 1071 3752 ul
1084 3702 1112 3751 ln
1130 3697 1179 3752 ltoc

109 3777 162 3848 leg.
175 3777 307 3828 cacozelon
320 3776 401 3827 dimit.
668 3780 797 3830 suasoria.
822 3779 889 3847 Quia
909 3776 986 3831 semel
1006 3777 1116 3840 dixerat,
1134 3795 1180 3828 ru·-

141 3873 165 3906 ι.
186 3853 329 3906 Mar-iscar.
348 3853 419 3920 Quat
432 3851 554 3903 lloratiut
566 3851 621 3904 du·
668 3854 742 3929 plina
759 3855 833 3907 illum
850 3855 955 3928 grandia
972 3853 1070 3920 dicere,
1092 3854 1179 3904 omnia

106 3935 186 4009 plicet
197 3930 258 3984 fieus
266 3943 353 3991 vomi,
365 3949 415 3999 ΨΜ
429 3931 535 3982 nomint
544 3930 620 3980 ellam
668 3936 786 4008 probasse
807 3937 929 4007 grandia,
948 3933 1086 4000 interjectio
1098 3931 1179 3985 obiter

105 4013 256 4088 pudendum
276 4009 394 4063 morbum
417 4010 549 4064 luvenalis
566 4011 618 4064 Sat.
669 4011 1179 4084 quibasdamrerertituradconstitutum.

108 4109 149 4155 ιι,
164 4091 265 4144 satirico
279 4090 391 4154 vocavit,
408 4111 455 4143 noe
471 4091 540 4144 enim
557 4091 591 4144 ita
605 4111 621 4143 a
670 4093 836 4159 Aliquando,
853 4091 952 4162 inquit,
965 4093 1072 4152 invenlt,
1086 4108 1178 4161 nempe

107 4169 215 4225 nundinio
227 4182 338 4224 voratur,
351 4169 386 4222 Ν.
401 4169 499 4223 Faber.
670 4169 890 4240 grandi23incidit
901 4170 930 4223 in
942 4187 1029 4224 ornant
1038 4167 1147 4242 grandes
1155 4177 1180 4222 ot
