<?xml version="1.0" encoding="UTF-8"?>
<!DOCTYPE html PUBLIC "-//W3C//DTD XHTML 1.0 Transitional//EN"
    "http://www.w3.org/TR/xhtml1/DTD/xhtml1-transitional.dtd">
<html xmlns="http://www.w3.org/1999/xhtml" xml:lang="en" lang="en">
 <head>
  <title>
</title>
<meta http-equiv="Content-Type" content="text/html;charset=utf-8" />
  <meta name='ocr-system' content='tesseract 3.04.00' />
  <meta name='ocr-capabilities' content='ocr_page ocr_carea ocr_par ocr_line ocrx_word'/>
</head>
<body>
  <div class='ocr_page' id='page_1' title='image "./lannsenecparspr00bouigoog_0336.png"; bbox 0 0 2842 4812; ppageno 0'>
   <div class='ocr_carea' id='block_1_1' title="bbox 273 405 1019 475">
    <p class='ocr_par' dir='ltr' id='par_1_1' title="bbox 273 405 1019 475">
     <span class='ocr_line' id='line_1_1' title="bbox 273 405 1019 475; baseline 0.003 -2"><span class='ocrx_word' id='word_1_1' title='bbox 273 405 343 473; x_wconf 69' lang='lat'>&#39;326</span> <span class='ocrx_word' id='word_1_2' title='bbox 599 407 645 471; x_wconf 83' lang='lat' dir='ltr'>M.</span> <span class='ocrx_word' id='word_1_3' title='bbox 673 406 815 474; x_wconf 77' lang='lat' dir='ltr'><strong>ANNAEI</strong></span> <span class='ocrx_word' id='word_1_4' title='bbox 840 405 1019 475; x_wconf 79' lang='lat' dir='ltr'><strong>SENECAE</strong></span> 
     </span>
    </p>
   </div>
   <div class='ocr_carea' id='block_1_2' title="bbox 271 532 1348 862">
    <p class='ocr_par' dir='ltr' id='par_1_2' title="bbox 271 532 1348 862">
     <span class='ocr_line' id='line_1_2' title="bbox 274 532 1342 627; baseline 0.004 -25"><span class='ocrx_word' id='word_1_5' title='bbox 274 556 374 626; x_wconf 86' lang='lat' dir='ltr'>quum</span> <span class='ocrx_word' id='word_1_6' title='bbox 389 532 514 602; x_wconf 82' lang='lat' dir='ltr'>ducere</span> <span class='ocrx_word' id='word_1_7' title='bbox 530 557 664 601; x_wconf 85' lang='lat' dir='ltr'>uxorem</span> <span class='ocrx_word' id='word_1_8' title='bbox 681 561 687 598; x_wconf 92' lang='lat'>:</span> <span class='ocrx_word' id='word_1_9' title='bbox 703 557 841 602; x_wconf 85' lang='lat' dir='ltr'>uxorem</span> <span class='ocrx_word' id='word_1_10' title='bbox 853 532 978 602; x_wconf 81' lang='lat' dir='ltr'>ducere</span> <span class='ocrx_word' id='word_1_11' title='bbox 994 535 1105 618; x_wconf 86' lang='lat' dir='ltr'>malle,</span> <span class='ocrx_word' id='word_1_12' title='bbox 1124 549 1224 627; x_wconf 84' lang='lat' dir='ltr'>quam</span> <span class='ocrx_word' id='word_1_13' title='bbox 1239 539 1342 623; x_wconf 82' lang='lat' dir='ltr'>mori3</span> 
     </span>
     <span class='ocr_line' id='line_1_3' title="bbox 271 648 1348 742; baseline 0.005 -25"><span class='ocrx_word' id='word_1_14' title='bbox 271 664 372 718; x_wconf 83' lang='lat' dir='ltr'>antea</span> <span class='ocrx_word' id='word_1_15' title='bbox 387 648 496 742; x_wconf 77' lang='lat' dir='ltr'>legem</span> <span class='ocrx_word' id='word_1_16' title='bbox 514 650 697 717; x_wconf 80' lang='lat' dir='ltr'>uitiationis</span> <span class='ocrx_word' id='word_1_17' title='bbox 710 665 864 718; x_wconf 82' lang='lat' dir='ltr'>evertere</span> <span class='ocrx_word' id='word_1_18' title='bbox 879 664 1020 718; x_wconf 86' lang='lat' dir='ltr'>conatus</span> <span class='ocrx_word' id='word_1_19' title='bbox 1037 666 1105 732; x_wconf 84' lang='lat' dir='ltr'>est,</span> <span class='ocrx_word' id='word_1_20' title='bbox 1124 653 1215 721; x_wconf 83' lang='lat' dir='ltr'>nuno</span> <span class='ocrx_word' id='word_1_21' title='bbox 1226 663 1348 722; x_wconf 74' lang='lat' dir='ltr'>&#39;trans-</span> 
     </span>
     <span class='ocr_line' id='line_1_4' title="bbox 275 764 1347 862; baseline 0.002 -28"><span class='ocrx_word' id='word_1_22' title='bbox 275 766 367 842; x_wconf 85' lang='lat' dir='ltr'>¹lerre</span> <span class='ocrx_word' id='word_1_23' title='bbox 382 764 480 832; x_wconf 84' lang='lat' dir='ltr'>vult:</span> <span class='ocrx_word' id='word_1_24' title='bbox 497 764 675 833; x_wconf 82' lang='lat' dir='ltr'>advocatos</span> <span class='ocrx_word' id='word_1_25' title='bbox 690 781 803 856; x_wconf 80' lang='lat' dir='ltr'>rogat,</span> <span class='ocrx_word' id='word_1_26' title='bbox 816 765 950 856; x_wconf 89' lang='lat' dir='ltr'>judices</span> <span class='ocrx_word' id='word_1_27' title='bbox 965 783 1079 860; x_wconf 78' lang='lat' dir='ltr'>rogat,</span> <span class='ocrx_word' id='word_1_28' title='bbox 1097 791 1213 837; x_wconf 87' lang='lat' dir='ltr'>omnes</span> <span class='ocrx_word' id='word_1_29' title='bbox 1230 771 1347 862; x_wconf 86' lang='lat' dir='ltr'>potius</span> 
     </span>
    </p>
   </div>
   <div class='ocr_carea' id='block_1_3' title="bbox 178 880 1343 974">
    <p class='ocr_par' dir='ltr' id='par_1_3' title="bbox 178 880 1343 974">
     <span class='ocr_line' id='line_1_5' title="bbox 178 880 1343 974; baseline 0.003 -26"><span class='ocrx_word' id='word_1_30' title='bbox 178 911 182 919; x_wconf 92' lang='lat'>·</span> <span class='ocrx_word' id='word_1_31' title='bbox 277 905 377 974; x_wconf 89' lang='lat' dir='ltr'>quam</span> <span class='ocrx_word' id='word_1_32' title='bbox 398 881 559 948; x_wconf 84' lang='lat' dir='ltr'>vitiatum.</span> <span class='ocrx_word' id='word_1_33' title='bbox 585 881 719 948; x_wconf 89' lang='lat' dir='ltr'>Utinam</span> <span class='ocrx_word' id='word_1_34' title='bbox 745 902 814 947; x_wconf 91' lang='lat' dir='ltr'>non</span> <span class='ocrx_word' id='word_1_35' title='bbox 838 880 905 949; x_wconf 86' lang='lat' dir='ltr'>hoc</span> <span class='ocrx_word' id='word_1_36' title='bbox 932 881 1028 950; x_wconf 90' lang='lat' dir='ltr'>illum</span> <span class='ocrx_word' id='word_1_37' title='bbox 1049 883 1210 952; x_wconf 83' lang='lat' dir='ltr'>liberaret</span> <span class='ocrx_word' id='word_1_38' title='bbox 1231 897 1343 963; x_wconf 86' lang='lat' dir='ltr'>metu,</span> 
     </span>
    </p>
   </div>
   <div class='ocr_carea' id='block_1_4' title="bbox 277 994 1353 2012">
    <p class='ocr_par' dir='ltr' id='par_1_4' title="bbox 277 994 1353 2012">
     <span class='ocr_line' id='line_1_6' title="bbox 278 994 1349 1090; baseline 0.002 -24"><span class='ocrx_word' id='word_1_39' title='bbox 278 997 370 1090; x_wconf 89' lang='lat' dir='ltr'>quod</span> <span class='ocrx_word' id='word_1_40' title='bbox 376 995 503 1088; x_wconf 86' lang='lat' dir='ltr'>judicis</span> <span class='ocrx_word' id='word_1_41' title='bbox 515 997 565 1064; x_wconf 93' lang='lat' dir='ltr'>sui</span> <span class='ocrx_word' id='word_1_42' title='bbox 578 996 669 1063; x_wconf 85' lang='lat' dir='ltr'>novit</span> <span class='ocrx_word' id='word_1_43' title='bbox 679 994 910 1082; x_wconf 64' lang='lat' dir='ltr'>clementiam</span> <span class='ocrx_word' id='word_1_44' title='bbox 923 997 1021 1066; x_wconf 92' lang='lat' dir='ltr'>nobis</span> <span class='ocrx_word' id='word_1_45' title='bbox 1028 997 1193 1071; x_wconf 78' lang='lat' dir='ltr'>clamabat</span> <span class='ocrx_word' id='word_1_46' title='bbox 1205 1023 1241 1069; x_wconf 86' lang='lat' dir='ltr'>se</span> <span class='ocrx_word' id='word_1_47' title='bbox 1252 1002 1349 1068; x_wconf 88' lang='lat' dir='ltr'>inno·</span> 
     </span>
     <span class='ocr_line' id='line_1_7' title="bbox 277 1107 1349 1200; baseline 0 -18"><span class='ocrx_word' id='word_1_48' title='bbox 277 1125 410 1182; x_wconf 73' lang='lat' dir='ltr'>,centem</span> <span class='ocrx_word' id='word_1_49' title='bbox 430 1107 581 1199; x_wconf 88' lang='lat' dir='ltr'>:siquid</span> <span class='ocrx_word' id='word_1_50' title='bbox 603 1122 794 1200; x_wconf 73' lang='lat' dir='ltr'><strong>peccasset,</strong></span> <span class='ocrx_word' id='word_1_51' title='bbox 817 1110 903 1176; x_wconf 90' lang='lat' dir='ltr'>mori</span> <span class='ocrx_word' id='word_1_52' title='bbox 929 1133 997 1177; x_wconf 92' lang='lat' dir='ltr'>non</span> <span class='ocrx_word' id='word_1_53' title='bbox 1023 1133 1194 1180; x_wconf 84' lang='lat' dir='ltr'>recusare.</span> <span class='ocrx_word' id='word_1_54' title='bbox 1220 1111 1349 1182; x_wconf 79' lang='lat' dir='ltr'>Aderat</span> 
     </span>
     <span class='ocr_line' id='line_1_8' title="bbox 277 1222 1351 1320; baseline 0.006 -28"><span class='ocrx_word' id='word_1_55' title='bbox 277 1226 407 1318; x_wconf 87' lang='lat' dir='ltr'>raptori</span> <span class='ocrx_word' id='word_1_56' title='bbox 421 1223 568 1318; x_wconf 89' lang='lat' dir='ltr'>populus</span> <span class='ocrx_word' id='word_1_57' title='bbox 582 1249 589 1289; x_wconf 76' lang='grc' dir='ltr'><strong>ε</strong></span> <span class='ocrx_word' id='word_1_58' title='bbox 604 1247 668 1292; x_wconf 87' lang='lat' dir='ltr'>nec</span> <span class='ocrx_word' id='word_1_59' title='bbox 682 1222 866 1315; x_wconf 79' lang='lat' dir='ltr'><strong>quidquam</strong></span> <span class='ocrx_word' id='word_1_60' title='bbox 879 1227 985 1318; x_wconf 74' lang='lat' dir='ltr'>magis</span> <span class='ocrx_word' id='word_1_61' title='bbox 1000 1244 1188 1320; x_wconf 82' lang='lat' dir='ltr'>suspectum</span> <span class='ocrx_word' id='word_1_62' title='bbox 1204 1227 1351 1298; x_wconf 75' lang='lat' dir='ltr'><strong>faciebat</strong></span> 
     </span>
     <span class='ocr_line' id='line_1_9' title="bbox 280 1339 1351 1436; baseline 0.006 -28"><span class='ocrx_word' id='word_1_63' title='bbox 280 1341 404 1408; x_wconf 75' lang='lat' dir='ltr'>vitiasse</span> <span class='ocrx_word' id='word_1_64' title='bbox 413 1361 546 1408; x_wconf 82' lang='lat' dir='ltr'>oausam</span> <span class='ocrx_word' id='word_1_65' title='bbox 560 1343 586 1422; x_wconf 85' lang='lat'>¹,</span> <span class='ocrx_word' id='word_1_66' title='bbox 597 1363 697 1432; x_wconf 90' lang='lat' dir='ltr'>quam</span> <span class='ocrx_word' id='word_1_67' title='bbox 707 1339 828 1408; x_wconf 82' lang='lat' dir='ltr'>lenitas</span> <span class='ocrx_word' id='word_1_68' title='bbox 839 1343 998 1432; x_wconf 75' lang='lat' dir='ltr'>optionis.</span> <span class='ocrx_word' id='word_1_69' title='bbox 1014 1342 1049 1412; x_wconf 90' lang='lat' dir='ltr'>Si</span> <span class='ocrx_word' id='word_1_70' title='bbox 1064 1343 1125 1412; x_wconf 85' lang='lat' dir='ltr'>tibi</span> <span class='ocrx_word' id='word_1_71' title='bbox 1134 1345 1207 1436; x_wconf 86' lang='lat' dir='ltr'>jam</span> <span class='ocrx_word' id='word_1_72' title='bbox 1220 1344 1267 1414; x_wconf 89' lang='lat' dir='ltr'>de</span> <span class='ocrx_word' id='word_1_73' title='bbox 1280 1361 1351 1414; x_wconf 90' lang='lat' dir='ltr'>stn-</span> 
     </span>
     <span class='ocr_line' id='line_1_10' title="bbox 280 1456 1352 1552; baseline 0.004 -26"><span class='ocrx_word' id='word_1_74' title='bbox 280 1479 344 1552; x_wconf 85' lang='lat' dir='ltr'>pro</span> <span class='ocrx_word' id='word_1_75' title='bbox 360 1473 418 1525; x_wconf 90' lang='lat' dir='ltr'>tuo</span> <span class='ocrx_word' id='word_1_76' title='bbox 436 1457 556 1548; x_wconf 86' lang='lat' dir='ltr'>liquet,</span> <span class='ocrx_word' id='word_1_77' title='bbox 571 1473 624 1525; x_wconf 89' lang='lat' dir='ltr'>est</span> <span class='ocrx_word' id='word_1_78' title='bbox 635 1456 786 1549; x_wconf 71' lang='lat' dir='ltr'>quedam</span> <span class='ocrx_word' id='word_1_79' title='bbox 803 1459 952 1551; x_wconf 83' lang='lat' dir='ltr'>proxima</span> <span class='ocrx_word' id='word_1_80' title='bbox 967 1461 1168 1529; x_wconf 76' lang='lat' dir='ltr'>innocentius</span> <span class='ocrx_word' id='word_1_81' title='bbox 1179 1484 1352 1531; x_wconf 81' lang='lat' dir='ltr'>verecun-</span> 
     </span>
     <span class='ocr_line' id='line_1_11' title="bbox 282 1569 1349 1668; baseline 0.007 -28"><span class='ocrx_word' id='word_1_82' title='bbox 282 1571 352 1654; x_wconf 86' lang='lat' dir='ltr'>dia,</span> <span class='ocrx_word' id='word_1_83' title='bbox 366 1569 521 1665; x_wconf 76' lang='lat' dir='ltr'>prebere</span> <span class='ocrx_word' id='word_1_84' title='bbox 533 1594 570 1640; x_wconf 83' lang='lat' dir='ltr'>sa</span> <span class='ocrx_word' id='word_1_85' title='bbox 584 1570 718 1664; x_wconf 76' lang='lat' dir='ltr'>legibus</span> <span class='ocrx_word' id='word_1_86' title='bbox 733 1597 740 1638; x_wconf 91' lang='lat'>:</span> <span class='ocrx_word' id='word_1_87' title='bbox 756 1587 794 1650; x_wconf 77' lang='lat' dir='ltr'>tu</span> <span class='ocrx_word' id='word_1_88' title='bbox 806 1595 886 1642; x_wconf 83' lang='lat' dir='ltr'>vero</span> <span class='ocrx_word' id='word_1_89' title='bbox 897 1576 1049 1643; x_wconf 88' lang='lat' dir='ltr'>meruisti</span> <span class='ocrx_word' id='word_1_90' title='bbox 1058 1573 1195 1668; x_wconf 87' lang='lat' dir='ltr'>quidem</span> <span class='ocrx_word' id='word_1_91' title='bbox 1208 1595 1349 1646; x_wconf 88' lang='lat' dir='ltr'>mortem</span> 
     </span>
     <span class='ocr_line' id='line_1_12' title="bbox 283 1685 1352 1782; baseline 0.006 -27"><span class='ocrx_word' id='word_1_92' title='bbox 283 1685 576 1771; x_wconf 84' lang='lat' dir='ltr'>illainfioiatione3</span> <span class='ocrx_word' id='word_1_93' title='bbox 590 1689 767 1781; x_wconf 79' lang='lat' dir='ltr'>ignorasti,</span> <span class='ocrx_word' id='word_1_94' title='bbox 778 1711 820 1756; x_wconf 88' lang='lat' dir='ltr'>an</span> <span class='ocrx_word' id='word_1_95' title='bbox 834 1711 1026 1782; x_wconf 79' lang='lat' dir='ltr'>peeeusses3</span> <span class='ocrx_word' id='word_1_96' title='bbox 1038 1693 1282 1761; x_wconf 86' lang='lat' dir='ltr'>innocensesse</span> <span class='ocrx_word' id='word_1_97' title='bbox 1292 1715 1352 1761; x_wconf 81' lang='lat' dir='ltr'>vo-</span> 
     </span>
     <span class='ocr_line' id='line_1_13' title="bbox 283 1799 1353 1900; baseline 0.005 -30"><span class='ocrx_word' id='word_1_98' title='bbox 283 1803 389 1887; x_wconf 80' lang='lat' dir='ltr'>luisti3</span> <span class='ocrx_word' id='word_1_99' title='bbox 403 1825 536 1871; x_wconf 78' lang='lat' dir='ltr'>oausam</span> <span class='ocrx_word' id='word_1_100' title='bbox 547 1799 691 1871; x_wconf 85' lang='lat' dir='ltr'>haberes</span> <span class='ocrx_word' id='word_1_101' title='bbox 702 1828 709 1868; x_wconf 93' lang='lat'>:</span> <span class='ocrx_word' id='word_1_102' title='bbox 720 1819 892 1873; x_wconf 83' lang='lat' dir='ltr'>revertere</span> <span class='ocrx_word' id='word_1_103' title='bbox 904 1805 947 1872; x_wconf 83' lang='lat' dir='ltr'>sd</span> <span class='ocrx_word' id='word_1_104' title='bbox 960 1820 1087 1898; x_wconf 86' lang='lat' dir='ltr'>partes,</span> <span class='ocrx_word' id='word_1_105' title='bbox 1100 1806 1227 1898; x_wconf 82' lang='lat' dir='ltr'>puella,</span> <span class='ocrx_word' id='word_1_106' title='bbox 1242 1831 1353 1900; x_wconf 82' lang='lat' dir='ltr'>quan-</span> 
     </span>
     <span class='ocr_line' id='line_1_14' title="bbox 286 1913 1308 2012; baseline 0.003 -29"><span class='ocrx_word' id='word_1_107' title='bbox 286 1913 468 2008; x_wconf 90' lang='lat' dir='ltr'>doquidem</span> <span class='ocrx_word' id='word_1_108' title='bbox 484 1915 606 1984; x_wconf 86' lang='lat' dir='ltr'>totiens</span> <span class='ocrx_word' id='word_1_109' title='bbox 614 1916 683 2007; x_wconf 83' lang='lat' dir='ltr'>jam</span> <span class='ocrx_word' id='word_1_110' title='bbox 698 1939 809 2010; x_wconf 78' lang='lat' dir='ltr'>rogas,</span> <span class='ocrx_word' id='word_1_111' title='bbox 827 1940 902 2008; x_wconf 82' lang='lat' dir='ltr'>quoe</span> <span class='ocrx_word' id='word_1_112' title='bbox 915 1920 1030 2012; x_wconf 80' lang='lat' dir='ltr'>rogari</span> <span class='ocrx_word' id='word_1_113' title='bbox 1044 1921 1116 2011; x_wconf 88' lang='lat' dir='ltr'>ipsa</span> <span class='ocrx_word' id='word_1_114' title='bbox 1124 1917 1308 1989; x_wconf 87' lang='lat' dir='ltr'>debueras.</span> 
     </span>
    </p>
   </div>
   <div class='ocr_carea' id='block_1_5' title="bbox 282 2097 1356 2424">
    <p class='ocr_par' dir='ltr' id='par_1_5' title="bbox 282 2097 1356 2424">
     <span class='ocr_line' id='line_1_15' title="bbox 334 2097 1353 2198; baseline 0.005 -31"><span class='ocrx_word' id='word_1_115' title='bbox 334 2097 517 2167; x_wconf 88' lang='lat' dir='ltr'>DIVISIO.</span> <span class='ocrx_word' id='word_1_116' title='bbox 546 2099 656 2165; x_wconf 76' lang='lat' dir='ltr'>Lino</span> <span class='ocrx_word' id='word_1_117' title='bbox 684 2115 752 2168; x_wconf 88' lang='lat' dir='ltr'>tres</span> <span class='ocrx_word' id='word_1_118' title='bbox 774 2100 854 2168; x_wconf 87' lang='lat' dir='ltr'>lecit</span> <span class='ocrx_word' id='word_1_119' title='bbox 876 2103 1098 2194; x_wconf 71' lang='lat' dir='ltr'>questiones,</span> <span class='ocrx_word' id='word_1_120' title='bbox 1122 2125 1165 2170; x_wconf 85' lang='lat' dir='ltr'>an</span> <span class='ocrx_word' id='word_1_121' title='bbox 1183 2101 1244 2170; x_wconf 87' lang='lat' dir='ltr'>illa</span> <span class='ocrx_word' id='word_1_122' title='bbox 1260 2105 1353 2198; x_wconf 89' lang='lat' dir='ltr'>optio</span> 
     </span>
     <span class='ocr_line' id='line_1_16' title="bbox 282 2213 1356 2320; baseline 0.007 -39"><span class='ocrx_word' id='word_1_123' title='bbox 282 2215 373 2308; x_wconf 86' lang='lat' dir='ltr'>justa</span> <span class='ocrx_word' id='word_1_124' title='bbox 392 2213 507 2281; x_wconf 83' lang='lat' dir='ltr'>luerit.</span> <span class='ocrx_word' id='word_1_125' title='bbox 526 2217 601 2282; x_wconf 85' lang='lat' dir='ltr'>Non</span> <span class='ocrx_word' id='word_1_126' title='bbox 617 2214 698 2302; x_wconf 84' lang='lat' dir='ltr'>fuit,</span> <span class='ocrx_word' id='word_1_127' title='bbox 714 2218 845 2308; x_wconf 84' lang='lat' dir='ltr'>inquit,</span> <span class='ocrx_word' id='word_1_128' title='bbox 857 2218 973 2309; x_wconf 84' lang='lat' dir='ltr'>justa:</span> <span class='ocrx_word' id='word_1_129' title='bbox 990 2241 1059 2286; x_wconf 92' lang='lat' dir='ltr'>nou</span> <span class='ocrx_word' id='word_1_130' title='bbox 1073 2218 1164 2286; x_wconf 90' lang='lat' dir='ltr'>enim</span> <span class='ocrx_word' id='word_1_131' title='bbox 1176 2219 1356 2320; x_wconf 80' lang='lat' dir='ltr'>oonstabut</span> 
     </span>
     <span class='ocr_line' id='line_1_17' title="bbox 288 2319 1356 2424; baseline 0.004 -26"><span class='ocrx_word' id='word_1_132' title='bbox 288 2346 321 2398; x_wconf 87' lang='lat' dir='ltr'>te</span> <span class='ocrx_word' id='word_1_133' title='bbox 336 2341 505 2421; x_wconf 85' lang='lat' dir='ltr'>raptorem</span> <span class='ocrx_word' id='word_1_134' title='bbox 519 2352 604 2398; x_wconf 84' lang='lat' dir='ltr'>esse.</span> <span class='ocrx_word' id='word_1_135' title='bbox 620 2328 713 2397; x_wconf 88' lang='lat' dir='ltr'>Nihil</span> <span class='ocrx_word' id='word_1_136' title='bbox 728 2329 851 2417; x_wconf 80' lang='lat' dir='ltr'><strong>refert,</strong></span> <span class='ocrx_word' id='word_1_137' title='bbox 866 2319 994 2423; x_wconf 86' lang='lat' dir='ltr'>inquit,</span> <span class='ocrx_word' id='word_1_138' title='bbox 1010 2355 1055 2400; x_wconf 85' lang='lat' dir='ltr'>an</span> <span class='ocrx_word' id='word_1_139' title='bbox 1067 2334 1264 2424; x_wconf 58' lang='lat' dir='ltr'>negaverim</span> <span class='ocrx_word' id='word_1_140' title='bbox 1282 2348 1356 2402; x_wconf 84' lang='lat' dir='ltr'>erat</span> 
     </span>
    </p>
   </div>
   <div class='ocr_carea' id='block_1_6' title="bbox 287 2445 1355 2766">
    <p class='ocr_par' dir='ltr' id='par_1_6' title="bbox 287 2445 1355 2766">
     <span class='ocr_line' id='line_1_18' title="bbox 287 2445 1355 2544; baseline 0.007 -32"><span class='ocrx_word' id='word_1_141' title='bbox 287 2445 379 2514; x_wconf 90' lang='lat' dir='ltr'>enim</span> <span class='ocrx_word' id='word_1_142' title='bbox 399 2459 527 2538; x_wconf 84' lang='lat' dir='ltr'>raptor,</span> <span class='ocrx_word' id='word_1_143' title='bbox 547 2446 647 2513; x_wconf 87' lang='lat' dir='ltr'>etiam</span> <span class='ocrx_word' id='word_1_144' title='bbox 663 2447 710 2512; x_wconf 86' lang='lat' dir='ltr'>ita</span> <span class='ocrx_word' id='word_1_145' title='bbox 725 2448 753 2513; x_wconf 93' lang='lat' dir='ltr'>si</span> <span class='ocrx_word' id='word_1_146' title='bbox 769 2445 925 2540; x_wconf 79' lang='lat' dir='ltr'>negabat,</span> <span class='ocrx_word' id='word_1_147' title='bbox 947 2461 982 2516; x_wconf 87' lang='lat' dir='ltr'>et</span> <span class='ocrx_word' id='word_1_148' title='bbox 994 2450 1086 2540; x_wconf 87' lang='lat' dir='ltr'>justa</span> <span class='ocrx_word' id='word_1_149' title='bbox 1097 2447 1162 2516; x_wconf 85' lang='lat' dir='ltr'>fuit</span> <span class='ocrx_word' id='word_1_150' title='bbox 1173 2451 1282 2544; x_wconf 88' lang='lat' dir='ltr'>optio.</span> <span class='ocrx_word' id='word_1_151' title='bbox 1299 2448 1355 2518; x_wconf 78' lang='lat' dir='ltr'>An</span> 
     </span>
     <span class='ocr_line' id='line_1_19' title="bbox 288 2560 1355 2656; baseline 0.003 -27"><span class='ocrx_word' id='word_1_152' title='bbox 288 2562 316 2629; x_wconf 93' lang='lat' dir='ltr'>si</span> <span class='ocrx_word' id='word_1_153' title='bbox 327 2560 452 2653; x_wconf 84' lang='lat' dir='ltr'>injusta</span> <span class='ocrx_word' id='word_1_154' title='bbox 463 2561 555 2656; x_wconf 91' lang='lat' dir='ltr'>optio</span> <span class='ocrx_word' id='word_1_155' title='bbox 573 2562 649 2646; x_wconf 88' lang='lat' dir='ltr'>luit,</span> <span class='ocrx_word' id='word_1_156' title='bbox 666 2564 819 2629; x_wconf 86' lang='lat' dir='ltr'>revocari</span> <span class='ocrx_word' id='word_1_157' title='bbox 836 2564 953 2654; x_wconf 79' lang='lat' dir='ltr'>possit.</span> <span class='ocrx_word' id='word_1_158' title='bbox 970 2562 1088 2656; x_wconf 84' lang='lat' dir='ltr'>Optio,</span> <span class='ocrx_word' id='word_1_159' title='bbox 1105 2565 1231 2656; x_wconf 88' lang='lat' dir='ltr'>inquit,</span> <span class='ocrx_word' id='word_1_160' title='bbox 1247 2565 1355 2634; x_wconf 88' lang='lat' dir='ltr'>semel</span> 
     </span>
     <span class='ocr_line' id='line_1_20' title="bbox 288 2674 1353 2766; baseline 0.003 -22"><span class='ocrx_word' id='word_1_161' title='bbox 288 2674 411 2766; x_wconf 70' lang='lat' dir='ltr'>puellae</span> <span class='ocrx_word' id='word_1_162' title='bbox 438 2674 537 2745; x_wconf 88' lang='lat' dir='ltr'>datur</span> <span class='ocrx_word' id='word_1_163' title='bbox 565 2675 816 2744; x_wconf 84' lang='lat' dir='ltr'>:immutabilis</span> <span class='ocrx_word' id='word_1_164' title='bbox 842 2690 910 2761; x_wconf 86' lang='lat' dir='ltr'>est,</span> <span class='ocrx_word' id='word_1_165' title='bbox 939 2677 1042 2744; x_wconf 86' lang='lat' dir='ltr'>semel</span> <span class='ocrx_word' id='word_1_166' title='bbox 1067 2678 1200 2745; x_wconf 84' lang='lat' dir='ltr'>emissa.</span> <span class='ocrx_word' id='word_1_167' title='bbox 1223 2676 1353 2760; x_wconf 80' lang='lat' dir='ltr'>ludex,</span> 
     </span>
    </p>
   </div>
   <div class='ocr_carea' id='block_1_7' title="bbox 289 2791 1356 2999">
    <p class='ocr_par' dir='ltr' id='par_1_7' title="bbox 289 2791 1356 2999">
     <span class='ocr_line' id='line_1_21' title="bbox 289 2791 1356 2888; baseline -0.005 -25"><span class='ocrx_word' id='word_1_168' title='bbox 289 2817 391 2885; x_wconf 85' lang='lat' dir='ltr'>quam</span> <span class='ocrx_word' id='word_1_169' title='bbox 404 2791 500 2860; x_wconf 85' lang='lat' dir='ltr'>tulit²</span> <span class='ocrx_word' id='word_1_170' title='bbox 518 2792 561 2861; x_wconf 88' lang='lat' dir='ltr'>de</span> <span class='ocrx_word' id='word_1_171' title='bbox 580 2815 637 2860; x_wconf 88' lang='lat' dir='ltr'>reo</span> <span class='ocrx_word' id='word_1_172' title='bbox 655 2791 833 2879; x_wconf 80' lang='lat' dir='ltr'>tabellam,</span> <span class='ocrx_word' id='word_1_173' title='bbox 852 2815 1010 2861; x_wconf 85' lang='lat' dir='ltr'>revocare</span> <span class='ocrx_word' id='word_1_174' title='bbox 1025 2817 1095 2861; x_wconf 88' lang='lat' dir='ltr'>non</span> <span class='ocrx_word' id='word_1_175' title='bbox 1111 2810 1242 2887; x_wconf 77' lang='lat' dir='ltr'>potest3</span> <span class='ocrx_word' id='word_1_176' title='bbox 1262 2819 1356 2888; x_wconf 76' lang='lat' dir='ltr'>quae-</span> 
     </span>
     <span class='ocr_line' id='line_1_22' title="bbox 290 2904 1356 2999; baseline 0.001 -25"><span class='ocrx_word' id='word_1_177' title='bbox 290 2906 374 2974; x_wconf 85' lang='lat' dir='ltr'>sitor</span> <span class='ocrx_word' id='word_1_178' title='bbox 391 2927 460 2973; x_wconf 91' lang='lat' dir='ltr'>non</span> <span class='ocrx_word' id='word_1_179' title='bbox 479 2904 622 2973; x_wconf 81' lang='lat' dir='ltr'>mutabit</span> <span class='ocrx_word' id='word_1_180' title='bbox 641 2907 949 2999; x_wconf 80' lang='lat' dir='ltr'>pronuntiationem</span> <span class='ocrx_word' id='word_1_181' title='bbox 967 2931 1076 2976; x_wconf 83' lang='lat' dir='ltr'>suam.</span> <span class='ocrx_word' id='word_1_182' title='bbox 1096 2908 1191 2976; x_wconf 87' lang='lat' dir='ltr'>Nihil</span> <span class='ocrx_word' id='word_1_183' title='bbox 1213 2925 1283 2978; x_wconf 83' lang='lat' dir='ltr'>tam</span> <span class='ocrx_word' id='word_1_184' title='bbox 1304 2912 1356 2979; x_wconf 85' lang='lat' dir='ltr'>oi·</span> 
     </span>
    </p>
   </div>
   <div class='ocr_carea' id='block_1_8' title="bbox 289 3020 1355 3346">
    <p class='ocr_par' dir='ltr' id='par_1_8' title="bbox 289 3020 1355 3346">
     <span class='ocr_line' id='line_1_23' title="bbox 289 3020 1355 3119; baseline 0.005 -30"><span class='ocrx_word' id='word_1_185' title='bbox 289 3020 377 3103; x_wconf 87' lang='lat' dir='ltr'>vile,</span> <span class='ocrx_word' id='word_1_186' title='bbox 402 3036 470 3088; x_wconf 89' lang='lat' dir='ltr'>tam</span> <span class='ocrx_word' id='word_1_187' title='bbox 487 3020 571 3088; x_wconf 89' lang='lat' dir='ltr'>utile</span> <span class='ocrx_word' id='word_1_188' title='bbox 588 3035 658 3104; x_wconf 84' lang='lat' dir='ltr'>est,</span> <span class='ocrx_word' id='word_1_189' title='bbox 679 3046 779 3114; x_wconf 81' lang='lat' dir='ltr'>quem</span> <span class='ocrx_word' id='word_1_190' title='bbox 797 3022 937 3092; x_wconf 86' lang='lat' dir='ltr'>brevem</span> <span class='ocrx_word' id='word_1_191' title='bbox 953 3039 1149 3117; x_wconf 85' lang='lat' dir='ltr'>potestatem</span> <span class='ocrx_word' id='word_1_192' title='bbox 1165 3047 1261 3107; x_wconf 85' lang='lat' dir='ltr'>esse,</span> <span class='ocrx_word' id='word_1_193' title='bbox 1282 3049 1355 3119; x_wconf 75' lang='lat' dir='ltr'>qua</span> 
     </span>
     <span class='ocr_line' id='line_1_24' title="bbox 291 3133 1353 3229; baseline 0.007 -29"><span class='ocrx_word' id='word_1_194' title='bbox 291 3156 411 3226; x_wconf 81' lang='lat' dir='ltr'>magna</span> <span class='ocrx_word' id='word_1_195' title='bbox 429 3148 501 3220; x_wconf 77' lang='lat' dir='ltr'>est3</span> <span class='ocrx_word' id='word_1_196' title='bbox 521 3134 550 3201; x_wconf 88' lang='lat' dir='ltr'>si</span> <span class='ocrx_word' id='word_1_197' title='bbox 568 3134 659 3203; x_wconf 81' lang='lat' dir='ltr'>volet</span> <span class='ocrx_word' id='word_1_198' title='bbox 677 3151 711 3202; x_wconf 86' lang='lat' dir='ltr'>et</span> <span class='ocrx_word' id='word_1_199' title='bbox 725 3133 864 3204; x_wconf 84' lang='lat' dir='ltr'>alteram</span> <span class='ocrx_word' id='word_1_200' title='bbox 879 3159 971 3205; x_wconf 83' lang='lat' dir='ltr'>suam</span> <span class='ocrx_word' id='word_1_201' title='bbox 986 3137 1156 3229; x_wconf 88' lang='lat' dir='ltr'>optionem</span> <span class='ocrx_word' id='word_1_202' title='bbox 1175 3159 1353 3221; x_wconf 69' lang='lat' dir='ltr'>revocure,</span> 
     </span>
     <span class='ocr_line' id='line_1_25' title="bbox 290 3248 1353 3346; baseline 0.004 -28"><span class='ocrx_word' id='word_1_203' title='bbox 290 3265 325 3318; x_wconf 88' lang='lat' dir='ltr'>et</span> <span class='ocrx_word' id='word_1_204' title='bbox 341 3248 467 3320; x_wconf 88' lang='lat' dir='ltr'>deinde</span> <span class='ocrx_word' id='word_1_205' title='bbox 481 3253 612 3320; x_wconf 86' lang='lat' dir='ltr'>tertium</span> <span class='ocrx_word' id='word_1_206' title='bbox 625 3302 636 3336; x_wconf 93' lang='lat'>,</span> <span class='ocrx_word' id='word_1_207' title='bbox 654 3276 825 3344; x_wconf 86' lang='lat' dir='ltr'>nunquam</span> <span class='ocrx_word' id='word_1_208' title='bbox 845 3253 1012 3323; x_wconf 72' lang='lat' dir='ltr'>constabit</span> <span class='ocrx_word' id='word_1_209' title='bbox 1026 3253 1109 3346; x_wconf 91' lang='lat' dir='ltr'>quid</span> <span class='ocrx_word' id='word_1_210' title='bbox 1123 3255 1275 3325; x_wconf 81' lang='lat' dir='ltr'>tutumm</span> <span class='ocrx_word' id='word_1_211' title='bbox 1288 3258 1353 3325; x_wconf 88' lang='lat' dir='ltr'>sit:</span> 
     </span>
    </p>
   </div>
   <div class='ocr_carea' id='block_1_9' title="bbox 234 3442 1404 4220">
    <p class='ocr_par' dir='ltr' id='par_1_9' title="bbox 234 3442 1404 4220">
     <span class='ocr_line' id='line_1_26' title="bbox 291 3442 1357 3520; baseline 0.005 -23"><span class='ocrx_word' id='word_1_212' title='bbox 291 3443 333 3498; x_wconf 85' lang='lat' dir='ltr'>bet</span> <span class='ocrx_word' id='word_1_213' title='bbox 344 3442 389 3498; x_wconf 81' lang='lat' dir='ltr'>ills</span> <span class='ocrx_word' id='word_1_214' title='bbox 400 3463 516 3511; x_wconf 78' lang='lat' dir='ltr'>sautem,</span> <span class='ocrx_word' id='word_1_215' title='bbox 530 3445 592 3500; x_wconf 87' lang='lat' dir='ltr'>dum</span> <span class='ocrx_word' id='word_1_216' title='bbox 605 3445 637 3498; x_wconf 83' lang='lat' dir='ltr'>ita</span> <span class='ocrx_word' id='word_1_217' title='bbox 651 3446 720 3499; x_wconf 81' lang='lat' dir='ltr'>tarde</span> <span class='ocrx_word' id='word_1_218' title='bbox 732 3444 800 3498; x_wconf 89' lang='lat' dir='ltr'>illius</span> <span class='ocrx_word' id='word_1_219' title='bbox 849 3445 920 3500; x_wconf 81' lang='lat' dir='ltr'>milia</span> <span class='ocrx_word' id='word_1_220' title='bbox 933 3465 939 3498; x_wconf 76' lang='grc' dir='ltr'><strong>ε</strong></span> <span class='ocrx_word' id='word_1_221' title='bbox 954 3447 1033 3500; x_wconf 79' lang='lat' dir='ltr'>«Non</span> <span class='ocrx_word' id='word_1_222' title='bbox 1053 3448 1189 3520; x_wconf 70' lang='lat' dir='ltr'>diiigenter</span> <span class='ocrx_word' id='word_1_223' title='bbox 1209 3467 1284 3502; x_wconf 77' lang='lat' dir='ltr'>tense</span> <span class='ocrx_word' id='word_1_224' title='bbox 1301 3469 1357 3502; x_wconf 78' lang='lat' dir='ltr'>mea</span> 
     </span>
     <span class='ocr_line' id='line_1_27' title="bbox 292 3522 1359 3598; baseline 0 -20"><span class='ocrx_word' id='word_1_225' title='bbox 292 3543 361 3578; x_wconf 88' lang='lat' dir='ltr'>nunc</span> <span class='ocrx_word' id='word_1_226' title='bbox 377 3524 549 3582; x_wconf 83' lang='lat' dir='ltr'>conditionem</span> <span class='ocrx_word' id='word_1_227' title='bbox 565 3526 728 3598; x_wconf 79' lang='lat' dir='ltr'>amplectitur.</span> <span class='ocrx_word' id='word_1_228' title='bbox 740 3529 800 3578; x_wconf 83' lang='lat' dir='ltr'>An·</span> <span class='ocrx_word' id='word_1_229' title='bbox 849 3535 903 3577; x_wconf 74' lang='lat' dir='ltr'>scta</span> <span class='ocrx_word' id='word_1_230' title='bbox 914 3537 951 3576; x_wconf 85' lang='lat' dir='ltr'>est</span> <span class='ocrx_word' id='word_1_231' title='bbox 961 3541 968 3576; x_wconf 80' lang='lat' dir='ltr'>t</span> <span class='ocrx_word' id='word_1_232' title='bbox 979 3524 1043 3578; x_wconf 84' lang='lat' dir='ltr'>dum</span> <span class='ocrx_word' id='word_1_233' title='bbox 1058 3523 1126 3578; x_wconf 88' lang='lat' dir='ltr'>nihil</span> <span class='ocrx_word' id='word_1_234' title='bbox 1136 3522 1246 3592; x_wconf 58' lang='lat' dir='ltr'>sinetis,</span> <span class='ocrx_word' id='word_1_235' title='bbox 1257 3525 1359 3580; x_wconf 68' lang='lat' dir='ltr'>uultu</span> 
     </span>
     <span class='ocr_line' id='line_1_28' title="bbox 293 3601 1358 3677; baseline 0.004 -23"><span class='ocrx_word' id='word_1_236' title='bbox 293 3601 429 3656; x_wconf 76' lang='lat' dir='ltr'>recedentia</span> <span class='ocrx_word' id='word_1_237' title='bbox 448 3601 515 3655; x_wconf 80' lang='lat' dir='ltr'>banc</span> <span class='ocrx_word' id='word_1_238' title='bbox 535 3604 714 3676; x_wconf 69' lang='lat' dir='ltr'>expositionem</span> <span class='ocrx_word' id='word_1_239' title='bbox 735 3624 801 3656; x_wconf 88' lang='lat' dir='ltr'>con·</span> <span class='ocrx_word' id='word_1_240' title='bbox 850 3624 890 3656; x_wconf 85' lang='lat' dir='ltr'>me</span> <span class='ocrx_word' id='word_1_241' title='bbox 904 3603 993 3677; x_wconf 69' lang='lat' dir='ltr'>puelle</span> <span class='ocrx_word' id='word_1_242' title='bbox 1004 3603 1176 3658; x_wconf 79' lang='lat' dir='ltr'>credidistis.»</span> <span class='ocrx_word' id='word_1_243' title='bbox 1187 3606 1253 3674; x_wconf 83' lang='lat' dir='ltr'>Qnte</span> <span class='ocrx_word' id='word_1_244' title='bbox 1261 3619 1320 3660; x_wconf 84' lang='lat' dir='ltr'>tunt</span> <span class='ocrx_word' id='word_1_245' title='bbox 1331 3607 1358 3660; x_wconf 85' lang='lat' dir='ltr'>in</span> 
     </span>
     <span class='ocr_line' id='line_1_29' title="bbox 292 3681 1359 3755; baseline -0.001 -21"><span class='ocrx_word' id='word_1_246' title='bbox 292 3681 402 3734; x_wconf 79' lang='lat' dir='ltr'>firment.</span> <span class='ocrx_word' id='word_1_247' title='bbox 419 3681 500 3735; x_wconf 83' lang='lat' dir='ltr'>Possit</span> <span class='ocrx_word' id='word_1_248' title='bbox 514 3683 590 3736; x_wconf 81' lang='lat' dir='ltr'>etism</span> <span class='ocrx_word' id='word_1_249' title='bbox 600 3684 650 3736; x_wconf 86' lang='lat' dir='ltr'>huc</span> <span class='ocrx_word' id='word_1_250' title='bbox 661 3685 800 3755; x_wconf 85' lang='lat' dir='ltr'>pertinere,</span> <span class='ocrx_word' id='word_1_251' title='bbox 850 3683 931 3735; x_wconf 80' lang='lat' dir='ltr'>verbis</span> <span class='ocrx_word' id='word_1_252' title='bbox 939 3683 1013 3735; x_wconf 86' lang='lat' dir='ltr'>Junii</span> <span class='ocrx_word' id='word_1_253' title='bbox 1023 3681 1150 3736; x_wconf 77' lang='lat' dir='ltr'>Gallionis</span> <span class='ocrx_word' id='word_1_254' title='bbox 1162 3702 1248 3754; x_wconf 77' lang='lat' dir='ltr'>supra.</span> <span class='ocrx_word' id='word_1_255' title='bbox 1260 3683 1359 3738; x_wconf 67' lang='lat' dir='ltr'>Salate</span> 
     </span>
     <span class='ocr_line' id='line_1_30' title="bbox 293 3759 1360 3833; baseline 0.001 -19"><span class='ocrx_word' id='word_1_256' title='bbox 293 3761 363 3833; x_wconf 84' lang='lat' dir='ltr'>quod</span> <span class='ocrx_word' id='word_1_257' title='bbox 382 3773 418 3813; x_wconf 84' lang='lat' dir='ltr'>est</span> <span class='ocrx_word' id='word_1_258' title='bbox 434 3760 462 3814; x_wconf 91' lang='lat' dir='ltr'>in</span> <span class='ocrx_word' id='word_1_259' title='bbox 478 3760 616 3830; x_wconf 74' lang='lat' dir='ltr'>questione</span> <span class='ocrx_word' id='word_1_260' title='bbox 630 3761 746 3815; x_wconf 63' lang='lat' dir='ltr'>huonis</span> <span class='ocrx_word' id='word_1_261' title='bbox 757 3779 802 3812; x_wconf 82' lang='lat' dir='ltr'>ts-</span> <span class='ocrx_word' id='word_1_262' title='bbox 884 3781 906 3813; x_wconf 80' lang='lat'>2.</span> <span class='ocrx_word' id='word_1_263' title='bbox 923 3760 1018 3815; x_wconf 65' lang='lat' dir='ltr'>ludex</span> <span class='ocrx_word' id='word_1_264' title='bbox 1032 3780 1115 3828; x_wconf 75' lang='lat' dir='ltr'>quam</span> <span class='ocrx_word' id='word_1_265' title='bbox 1127 3761 1196 3814; x_wconf 80' lang='lat' dir='ltr'>terlit-</span> <span class='ocrx_word' id='word_1_266' title='bbox 1210 3759 1279 3830; x_wconf 83' lang='lat' dir='ltr'>Quis</span> <span class='ocrx_word' id='word_1_267' title='bbox 1296 3781 1360 3833; x_wconf 82' lang='lat' dir='ltr'>pro-</span> 
     </span>
     <span class='ocr_line' id='line_1_31' title="bbox 294 3837 1360 3910; baseline -0.003 -17"><span class='ocrx_word' id='word_1_268' title='bbox 294 3840 387 3894; x_wconf 75' lang='lat' dir='ltr'>tunda.</span> <span class='ocrx_word' id='word_1_269' title='bbox 397 3838 496 3893; x_wconf 75' lang='lat' dir='ltr'>Schutr.</span> <span class='ocrx_word' id='word_1_270' title='bbox 852 3837 966 3891; x_wconf 78' lang='lat' dir='ltr'>nuntiate</span> <span class='ocrx_word' id='word_1_271' title='bbox 977 3837 1100 3890; x_wconf 79' lang='lat' dir='ltr'>sententia</span> <span class='ocrx_word' id='word_1_272' title='bbox 1112 3837 1187 3910; x_wconf 72' lang='lat' dir='ltr'>judex</span> <span class='ocrx_word' id='word_1_273' title='bbox 1198 3857 1250 3890; x_wconf 81' lang='lat' dir='ltr'>esse</span> <span class='ocrx_word' id='word_1_274' title='bbox 1259 3837 1360 3891; x_wconf 83' lang='lat' dir='ltr'>desinit.</span> 
     </span>
     <span class='ocr_line' id='line_1_32' title="bbox 234 3913 1360 3989; baseline -0.004 -17"><span class='ocrx_word' id='word_1_275' title='bbox 234 3933 237 3940; x_wconf 93' lang='lat'>&#39;</span> <span class='ocrx_word' id='word_1_276' title='bbox 333 3915 803 3989; x_wconf 69' lang='lat' dir='ltr'>nNecqur&#39;dquammugr&#39;ssuspectam</span> <span class='ocrx_word' id='word_1_277' title='bbox 854 3915 976 3986; x_wconf 71' lang='lat' dir='ltr'>Ulpianus</span> <span class='ocrx_word' id='word_1_278' title='bbox 987 3915 1014 3966; x_wconf 88' lang='lat' dir='ltr'>in</span> <span class='ocrx_word' id='word_1_279' title='bbox 1026 3915 1043 3967; x_wconf 89' lang='lat' dir='ltr'>l.</span> <span class='ocrx_word' id='word_1_280' title='bbox 1054 3913 1146 3968; x_wconf 78' lang='lat' dir='ltr'>Judet.</span> <span class='ocrx_word' id='word_1_281' title='bbox 1157 3914 1190 3966; x_wconf 87' lang='lat' dir='ltr'>D.</span> <span class='ocrx_word' id='word_1_282' title='bbox 1202 3914 1234 3968; x_wconf 87' lang='lat' dir='ltr'>de</span> <span class='ocrx_word' id='word_1_283' title='bbox 1245 3935 1272 3966; x_wconf 85' lang='lat' dir='ltr'>re</span> <span class='ocrx_word' id='word_1_284' title='bbox 1283 3913 1360 3981; x_wconf 80' lang='lat' dir='ltr'>indie.</span> 
     </span>
     <span class='ocr_line' id='line_1_33' title="bbox 287 3990 1404 4064; baseline -0.004 -15"><span class='ocrx_word' id='word_1_285' title='bbox 287 3993 804 4064; x_wconf 79' lang='lat' dir='ltr'>sociebatvitr&#39;atoecausom.Undsdilli-</span> <span class='ocrx_word' id='word_1_286' title='bbox 853 3993 956 4064; x_wconf 78' lang='lat' dir='ltr'>Legitur</span> <span class='ocrx_word' id='word_1_287' title='bbox 965 4003 1047 4044; x_wconf 75' lang='lat' dir='ltr'>auteur</span> <span class='ocrx_word' id='word_1_288' title='bbox 1059 3992 1086 4043; x_wconf 88' lang='lat' dir='ltr'>in</span> <span class='ocrx_word' id='word_1_289' title='bbox 1094 3991 1203 4062; x_wconf 78' lang='lat' dir='ltr'>epitoma</span> <span class='ocrx_word' id='word_1_290' title='bbox 1214 3990 1363 4046; x_wconf 81' lang='lat' dir='ltr'>etismseri-</span> <span class='ocrx_word' id='word_1_291' title='bbox 1400 4019 1404 4028; x_wconf 58' lang='lat'><strong>⁴</strong></span> 
     </span>
     <span class='ocr_line' id='line_1_34' title="bbox 296 4069 1362 4147; baseline -0.006 -21"><span class='ocrx_word' id='word_1_292' title='bbox 296 4073 392 4127; x_wconf 80' lang='lat' dir='ltr'>tillime</span> <span class='ocrx_word' id='word_1_293' title='bbox 403 4087 527 4147; x_wconf 74' lang='lat' dir='ltr'>ruptorem</span> <span class='ocrx_word' id='word_1_294' title='bbox 540 4091 610 4125; x_wconf 86' lang='lat' dir='ltr'>reum</span> <span class='ocrx_word' id='word_1_295' title='bbox 622 4091 740 4144; x_wconf 79' lang='lat' dir='ltr'>peragere</span> <span class='ocrx_word' id='word_1_296' title='bbox 755 4091 805 4145; x_wconf 83' lang='lat' dir='ltr'>po·</span> <span class='ocrx_word' id='word_1_297' title='bbox 832 4090 835 4097; x_wconf 93' lang='lat'>·</span> <span class='ocrx_word' id='word_1_298' title='bbox 854 4083 912 4144; x_wconf 78' lang='lat' dir='ltr'>pta:</span> <span class='ocrx_word' id='word_1_299' title='bbox 923 4069 1024 4124; x_wconf 70' lang='lat' dir='ltr'>«ludex</span> <span class='ocrx_word' id='word_1_300' title='bbox 1039 4073 1081 4123; x_wconf 77' lang='lat' dir='ltr'>det</span> <span class='ocrx_word' id='word_1_301' title='bbox 1097 4069 1231 4134; x_wconf 74' lang='lat' dir='ltr'>tabellam,</span> <span class='ocrx_word' id='word_1_302' title='bbox 1243 4088 1362 4123; x_wconf 79' lang='lat' dir='ltr'>resoeere</span> 
     </span>
     <span class='ocr_line' id='line_1_35' title="bbox 296 4147 1360 4220; baseline -0.003 -17"><span class='ocrx_word' id='word_1_303' title='bbox 296 4149 351 4204; x_wconf 86' lang='lat' dir='ltr'>tuit.</span> <span class='ocrx_word' id='word_1_304' title='bbox 369 4150 431 4206; x_wconf 71' lang='lat' dir='ltr'>lise</span> <span class='ocrx_word' id='word_1_305' title='bbox 450 4151 568 4206; x_wconf 77' lang='lat' dir='ltr'>adversus</span> <span class='ocrx_word' id='word_1_306' title='bbox 584 4149 643 4213; x_wconf 78' lang='lat' dir='ltr'>ista,</span> <span class='ocrx_word' id='word_1_307' title='bbox 665 4148 748 4204; x_wconf 81' lang='lat' dir='ltr'>istisve</span> <span class='ocrx_word' id='word_1_308' title='bbox 767 4148 806 4203; x_wconf 84' lang='lat' dir='ltr'>ti·</span> <span class='ocrx_word' id='word_1_309' title='bbox 853 4149 1003 4204; x_wconf 81' lang='lat' dir='ltr'>senteutism</span> <span class='ocrx_word' id='word_1_310' title='bbox 1016 4167 1091 4218; x_wconf 78' lang='lat' dir='ltr'>quem</span> <span class='ocrx_word' id='word_1_311' title='bbox 1100 4147 1172 4213; x_wconf 82' lang='lat' dir='ltr'>tulit,</span> <span class='ocrx_word' id='word_1_312' title='bbox 1183 4167 1237 4200; x_wconf 88' lang='lat' dir='ltr'>non</span> <span class='ocrx_word' id='word_1_313' title='bbox 1249 4159 1360 4220; x_wconf 77' lang='lat' dir='ltr'>potest·</span> 
     </span>
    </p>
   </div>
   <div class='ocr_carea' id='block_1_10' title="bbox 0 0 1447 4812">
    <p class='ocr_par' dir='ltr' id='par_1_10' title="bbox 0 0 1447 4812">
     <span class='ocr_line' id='line_1_36' title="bbox 0 0 1447 4812; baseline 0 0"><span class='ocrx_word' id='word_1_314' title='bbox 0 0 1447 4812; x_wconf 95' lang='lat' dir='ltr'> </span> 
     </span>
    </p>
   </div>
  </div>
 </body>
</html>
