2866 4814
318 506 382 550 tro
640 483 687 547 M.
714 479 859 548 ANNAEI
883 481 1062 548 SENECAE

315 604 437 672 manici
451 625 558 694 gener
573 609 598 683 ¹,
623 618 666 669 nt·
678 617 893 694 praetextatus
908 632 918 688 3
938 626 1042 693 quum
1064 598 1298 695 descripsisset
1312 607 1390 672 cir-

314 733 533 790 cumstantem
546 717 679 787 turbam
690 716 857 786 dolentem
871 769 880 800 ,
898 717 989 810 quod
1003 705 1071 786 tam
1085 719 1152 786 cito
1166 719 1275 787 oculis
1288 745 1390 813 poena

313 834 570 920 subduceretur,
593 834 701 902 dixit:
721 835 952 902 Exaudierunt
968 833 1016 901 dii
1040 835 1247 903 immortales
1266 837 1389 929 populi

278 1001 285 1013 .
313 965 402 1018 rota.
419 951 596 1030 Incestum,
607 971 652 1016 ne
665 947 732 1016 cito
743 971 895 1041 praeceps
904 947 1110 1040 supplicium
1120 964 1386 1032 transcurreret,

314 1077 570 1142 revocaverunt.
593 1061 724 1130 Cestius
742 1060 845 1129 muita
862 1058 1104 1152 contumeliose
1123 1061 1206 1128 dixit
1225 1063 1261 1129 in
1278 1063 1389 1154 ipsam

314 1179 513 1247 sententiam
526 1182 554 1244 ².
569 1178 643 1261 Sic,
662 1179 792 1268 inquit,
819 1176 989 1268 quomodo
1007 1177 1211 1271 quadrigas,
1239 1174 1391 1247 κνοω-ἓ

315 1289 464 1366 verunt³
484 1323 492 1362 ι
509 1320 585 1362 nam
597 1309 718 1362 etante
735 1295 876 1386 posuisti
888 1293 1159 1378 similitudinem,
1172 1296 1253 1387 quia
1265 1313 1300 1363 et
1313 1297 1389 1365 haec

317 1415 359 1482 de
368 1435 505 1482 carcere
515 1413 653 1480 exierat.
664 1411 780 1504 Quum
792 1411 894 1479 multa
908 1410 1059 1496 dixisset,
1067 1413 1248 1511 novissime
1259 1413 1390 1505 adjecit

316 1553 410 1612 rem,
427 1553 529 1621 quam
546 1551 660 1596 omnes
678 1524 954 1619 improbavimus.
981 1529 1049 1595 Ista
1066 1528 1274 1622 negligentis
1288 1547 1390 1623 pater

316 1663 392 1718 tuus
409 1649 591 1716 exercitum
607 1641 778 1738 perdidit,
796 1641 905 1710 filium
919 1643 1142 1738 objurgabat,
1168 1650 1256 1740 patri
1279 1648 1389 1717 male·

315 1762 412 1832 dixit.

363 1883 489 1950 Pteron
506 1879 639 1946 Arsorus
658 1878 747 1945 banc
760 1879 1024 1946 controversiam
1040 1879 1132 1972 apud
1149 1882 1298 1950 Cestium
1312 1883 1386 1974 jam

314 2014 449 2067 senator
466 1995 567 2081 dixit,
582 2010 617 2063 et
636 1993 728 2062 buno
747 1995 893 2062 colorem
907 1997 1071 2088 optimum
1084 1999 1215 2089 putavit
1231 2027 1238 2065 :
1260 2000 1310 2067 sic
1323 2024 1387 2069 ve·

317 2113 448 2182 neficiis
465 2134 588 2204 corpus
602 2109 778 2194 induruit,
798 2126 836 2177 ut
855 2135 932 2178 saxa
950 2112 1200 2181 reverberat-ct.

365 2229 508 2312 Multum
534 2229 669 2296 Cnsrms
692 2227 781 2296 hanc
795 2221 1008 2322 corripuit⁴,
1032 2245 1066 2296 ct
1086 2228 1194 2315 dixit,
1214 2233 1289 2299 Hoc
1307 2247 1383 2313 est,

316 2369 423 2439 quare
435 2368 497 2443 ego
507 2344 680 2412 auditores
694 2368 785 2412 meos
796 2345 937 2412 invitem
950 2342 994 2412 ad
1006 2344 1090 2413 elios
1104 2343 1291 2414 audiendos
1306 2347 1360 2414 ire
1374 2375 1382 2414 :

316 2462 382 2531 hoe
398 2461 485 2530 male
503 2461 586 2529 mihi
610 2461 688 2529 iacit
709 2460 787 2544 itte,
808 2463 867 2553 qui
883 2477 942 2528 aut
962 2459 1089 2530 athleta
1106 2479 1164 2530 sut
1180 2478 1298 2556 pyctes
1317 2480 1382 2532 est.

315 2725 385 2792 quit,
400 2723 547 2790 ampliatio.
560 2721 620 2774 Hoec
631 2720 701 2772 enim
713 2731 748 2771 est
761 2718 824 2771 ratio
873 2729 1029 2772 ooeaoemut.
1046 2717 1100 2771 sed
1115 2718 1184 2790 qnod
1199 2718 1321 2793 allegoria
1331 2733 1386 2771 erat

316 2818 392 2870 quere
402 2798 498 2851 Cestius
507 2796 652 2870 ampliatam
660 2815 759 2867 poenam
770 2815 825 2847 cor·
873 2794 961 2865 putida
971 2814 986 2847 s
995 2794 1061 2848 indis
1076 2795 1243 2849 Circensibus.
1259 2795 1312 2849 Ubi
1331 2816 1385 2849 cer.

316 2875 573 2949 rupttedicirolebst.
874 2873 973 2926 tsbstur
1001 2873 1182 2948 quadrigarum
1212 2893 1310 2936 eursu,
1339 2874 1386 2926 nbi

353 2957 469 3008 affatus
480 2952 638 3023 Quintilius,
648 2959 707 3001 tunc
719 2946 827 3000 Germ-
874 2961 946 3001 ersnt
964 2970 1082 3003 carceres.
1098 2949 1229 3006 Rerum
1241 2971 1335 3005 curm
1348 2963 1387 3004 est

315 3035 368 3086 uici
377 3051 459 3100 perter-
471 3029 554 3082 Filius
566 3027 608 3080 bie
618 3028 695 3091 Vari,
712 3027 765 3096 ejus
781 3025 825 3099 qui
837 3057 838 3060 =
874 3038 899 3079 et
910 3028 975 3098 apud
985 3027 1118 3080 Claudien.
1128 3028 1158 3080 de
1166 3041 1238 3102 raptu
1248 3029 1275 3080 ll
1286 3030 1386 3082 :spere

315 3109 344 3162 in
361 3108 499 3161 Germanis
518 3124 576 3158 cum
598 3103 677 3157 tribus
694 3107 770 3158 Rom.
788 3103 825 3156 le·
874 3105 1192 3161 altosreroesntcnrrus.»
1205 3108 1304 3161 Seduit.

317 3185 437 3260 gionibus
462 3185 496 3237 sd
521 3182 723 3236 internecionem
748 3201 826 3236 cesus
907 3182 1385 3256 3.Sr'c,inquit,quomodopuadn'ges

316 3273 360 3328 est,
372 3261 522 3336 indignante
531 3259 694 3312 vehementer
704 3263 826 3332 Augusto·
875 3274 1056 3319 mmmmm.
1089 3263 1199 3336 Elegsns
1226 3263 1384 3332 trsnslatio,

316 3341 421 3394 streton.
433 3343 539 3412 August.
552 3358 607 3406 cap.
621 3337 662 3400 23,
675 3350 699 3390 et
710 3337 824 3398 Tiberio,
875 3339 949 3392 ducta
961 3359 976 3392 a
989 3332 1057 3392 ludis
1073 3339 1242 3394 Circensibus.
1255 3342 1386 3396 liemare

316 3439 337 3472 e.
349 3439 386 3487 ¹7·
398 3416 480 3489 Hujus
491 3415 606 3467 meminit
616 3427 641 3467 et
647 3415 748 3468 Tacitus
758 3417 825 3467 Anu.
875 3418 943 3470 enim
962 3421 1117 3489 quadriges,
1135 3431 1172 3472 est
1189 3438 1289 3472 cursum
1307 3439 1386 3495 repe-

317 3510 405 3568 qnsrto
417 3514 424 3548 t
436 3519 449 3542 s
458 3494 619 3568 corripuerat
631 3496 726 3547 Verum
739 3486 825 3564 Quin·
875 3507 942 3561 tere,
960 3507 985 3547 et
1001 3495 1088 3549 iterato
1103 3514 1117 3547 s
1130 3513 1226 3549 comere
1239 3497 1272 3548 sd
1288 3497 1384 3550 calcem

315 3576 399 3628 tilium
426 3574 530 3627 divitem
556 3587 580 3626 et
599 3573 694 3628 Ceteri
716 3574 825 3648 propin·
874 3574 964 3626 redire.
982 3574 1105 3627 Perdunt
1120 3573 1149 3626 in
1168 3575 1256 3627 eadem
1269 3574 1383 3628 Rhetor:

315 3675 394 3728 quum
408 3653 538 3706 Domitius
552 3653 623 3714 ster.
639 3651 754 3706 Claudi:
764 3651 824 3704 Pul·
876 3651 965 3722 «qnia,
975 3649 1072 3721 inquit,
1086 3664 1109 3704 et
1121 3650 1162 3704 bie
1171 3651 1201 3704 de
1210 3670 1309 3704 esreere
1319 3652 1384 3705 exie·

316 3734 384 3789 chre
390 3734 476 3785 matris
485 3730 537 3802 ejus
544 3730 750 3783 condemnator.»
759 3729 825 3782 Prte-
874 3743 912 3783 ret
922 3751 929 3794 ς
939 3751 953 3778 s
968 3743 1058 3783 notans
1069 3730 1184 3795 Varum,
1198 3730 1231 3783 ob
1243 3749 1297 3782 rem
1316 3729 1384 3782 maie

244 3806 248 3825 ⁴
318 3825 421 3866 textstns
435 3821 519 3862 entem
532 3810 600 3880 quod
612 3807 640 3860 in
652 3827 680 3859 ea
691 3818 763 3859 etate
772 3805 825 3880 jam
875 3809 902 3861 in
926 3808 1063 3862 Germanis
1084 3820 1194 3881 gestam
1216 3827 1294 3864 cesus
1315 3809 1383 3861 enim

317 3890 457 3946 declamare
481 3886 609 3960 inciperet.
630 3884 721 3954 Qualis
744 3881 825 3937 Attius
874 3885 906 3938 sd
926 3885 1140 3950 internecionem,
1162 3905 1274 3960 pugnam
1293 3887 1384 3941 iterare

316 3968 410 4021 navus
423 3965 545 4018 Controv.
563 3983 591 4030 t,
604 3976 720 4016 extreme.
730 3960 824 4015 Scitote.
874 3982 929 4016 noa
938 3977 1033 4038 poterat
1042 3983 1049 4016 z
1059 3977 1083 4016 et
1091 3963 1145 4019 boee
1153 3964 1255 4036 quidem
1267 3965 1384 4035 presenti

352 4045 510 4112 a.1nipsam
521 4040 754 4095 senteutiam-Non
767 4059 825 4113 per-
874 4039 928 4094 titio
938 4041 1008 4095 dixit.
1017 4041 1119 4095 mltum
1129 4039 1207 4113 igitur
1216 4041 1284 4095 bend
1296 4039 1382 4107 dubie,

317 4123 377 4176 inde
396 4123 423 4174 in
439 4120 524 4174 verba.
539 4120 625 4188 Quare
646 4137 700 4170 non
717 4138 747 4170 eo
768 4137 825 4190 per-
874 4120 1025 4189 confilium
1037 4118 1182 4191 legendnm.
1194 4118 1289 4171 Sebott.

316 4189 413 4252 strinxii
426 4199 543 4260 nomine,
562 4197 630 4268 quod
645 4209 770 4271 posuerat,
785 4215 825 4249 re·
907 4195 930 4262 4.
942 4198 1060 4251 Multum
1072 4195 1174 4251 Cestius
1183 4195 1250 4251 benc
1256 4199 1383 4266 corripuit.
