2842 4812
315 503 380 594 274
638 499 686 563 Μ.
713 495 858 566 ANNAEI
881 495 1060 566 SENECAE

312 653 332 696 a
345 628 511 697 Cicerone
524 622 699 694 defensum
714 673 725 707 ,
741 621 850 693 sedin
865 624 997 716 privato
1006 622 1150 719 judicio.
1168 623 1355 694 Declamato·

310 745 408 813 ribus
430 743 576 839 placuit,
598 739 805 834 parricidam
830 761 925 807 reum
954 739 1070 809 fuisse.
1096 741 1152 809 Sic
1169 757 1275 812 autem
1291 767 1364 811 eum.

309 877 482 942 accusant,
499 876 658 951 tanquam
674 856 809 926 defendi
825 880 893 924 uon
905 872 1017 949 posset
1035 883 1042 922 ε
1061 881 1165 958 quum
1178 857 1258 928 adeo
1268 860 1355 952 possit

309 974 456 1057 absolvi,
477 989 516 1041 ut
531 997 575 1040 ne
589 973 741 1040 accusari
760 969 898 1064 quidem
910 971 1061 1062 potuerit
1075 974 1100 1037 ¹.

358 1094 505 1158 Lernam
530 1112 599 1156 nou
622 1087 778 1182 piacebat
802 1086 898 1153 illum
920 1087 970 1153 sic
996 1090 1179 1168 accusari,
1210 1087 1354 1180 quomodo

308 1202 446 1296 quidam
458 1217 703 1270 accusaverunt
720 1228 728 1267 ι
745 1199 883 1292 Objicio
896 1199 958 1267 tibi
967 1249 978 1283 ,
994 1198 1086 1292 quod
1101 1200 1249 1272 occidisti
1264 1201 1355 1269 homi·

309 1342 410 1398 nem,
429 1316 521 1409 quod
538 1319 645 1385 civem
661 1365 670 1397 ,
695 1311 788 1406 quod
804 1331 1014 1399 senatorem,
1030 1313 1123 1406 quod
1140 1314 1352 1397 consularem,

307 1433 400 1527 quod
413 1434 625 1517 Ciceronem,
636 1431 727 1525 quod
741 1448 919 1524 patronum
933 1447 1042 1499 tuum.
1058 1435 1129 1500 Hac
1143 1434 1232 1500 enim
1246 1435 1354 1501 ratione

104 1631 107 1641 ,
207 1609 210 1612 -
282 1545 375 1624 Ιιιοιι
400 1555 580 1648 aggravari
605 1552 900 1644 indignationem,
929 1550 989 1619 sed
1012 1552 1164 1645 fatigari.
1184 1554 1293 1623 Statim
1308 1552 1355 1619 itto

236 1683 246 1704 '
303 1668 511 1740 veniendum
528 1683 599 1748 est,
618 1665 664 1735 ad
685 1666 778 1759 quod
796 1683 959 1760 properat
976 1666 1124 1736 auditor.
1144 1672 1228 1738 Nam
1248 1672 1279 1736 in
1293 1667 1357 1736 reli·

304 1787 382 1878 quis
394 1782 618 1886 adeoubonam
639 1806 775 1851 causam
793 1781 898 1852 habet
914 1783 1092 1875 Popilius,
1113 1800 1154 1852 ut
1171 1784 1309 1854 detracto
1324 1803 1356 1849 eo

304 1897 397 1991 quod
409 1912 588 1993 patronum
609 1895 760 1985 oc'cidit,
779 1897 868 1966 nihil
882 1900 1013 1993 negotii
1033 1898 1217 1969 habiturus
1236 1903 1285 1968 sit.
1301 1899 1358 1966 Pa-

302 2013 486 2084 trocinium
501 2015 574 2109 ejus
588 2031 639 2083 est
651 2016 763 2084 civilis
777 2015 859 2084 belii
875 2016 1071 2084 necessitas.
1088 2019 1210 2112 Itaque
1226 2016 1296 2085 noio
1307 2037 1357 2108 per

301 2131 379 2199 illos
398 2154 495 2200 reum
514 2130 640 2224 gradus
660 2131 812 2214 ducere,
839 2155 924 2223 quos
953 2147 1063 2225 potest
1088 2136 1196 2203 tutius
1220 2131 1355 2202 evadere.

303 2247 418 2317 Licuit
430 2247 520 2316 enim
535 2249 571 2314 in
581 2247 672 2316 bello
681 2264 716 2315 et
728 2249 850 2330 civem,
864 2263 898 2314 et
909 2263 1111 2333 senatorem,
1123 2264 1158 2317 ct
1169 2249 1356 2319 consularem

302 2360 463 2432 occidere
486 2387 494 2428 t
518 2385 583 2429 nec
600 2361 636 2429 in
652 2358 719 2429 hoo
736 2361 866 2429 crimen
883 2378 934 2429 est
944 2411 958 2440 .,
978 2360 1070 2455 quod
1084 2365 1294 2445 Ciceronem,
1309 2357 1355 2430 sed

302 2478 397 2576 quod
420 2493 615 2576 patronum.
637 2477 798 2544 Naturale
817 2489 868 2546 est
887 2495 1018 2563 autem,
1042 2496 1082 2547 ut
1106 2481 1201 2572 quod
1229 2483 1263 2549 in
1280 2477 1357 2547 nulio

299 2609 443 2688 patrono
460 2593 630 2691 oportuit,
650 2592 827 2684 indignius
845 2594 889 2660 sit
909 2593 1032 2662 iactum
1053 2598 1089 2664 in
1104 2599 1297 2666 Ciceronem
1309 2601 1358 2688 pt·

300 2727 453 2781 tronum.

349 2832 462 2895 Larao
478 2827 651 2894 accusavit
668 2824 764 2929 illum
782 2825 825 2894 de
843 2827 995 2897 moribus
1013 2854 1020 2894 :
1039 2830 1208 2922 primum,
1226 2827 1310 2924 quod
1321 2829 1360 2896 sic

301 2947 458 3027 vixisset,
478 2959 517 3010 ut
534 2965 668 3011 causam
685 2941 864 3034 parricidii
878 2943 1008 3014 diceret
1026 2946 1195 3033 :deiude,
1213 2945 1297 3041 quod
1309 2969 1359 3039 pa·

299 3078 436 3131 tronum
451 3081 549 3126 suum
565 3056 757 3126 occidisset.
773 3061 815 3128 Et
830 3060 910 3130 secit
923 3061 984 3130 has
998 3065 1215 3155 questiones,
1232 3065 1281 3135 An
1294 3087 1359 3158 pos·

301 3193 353 3247 set
378 3200 418 3245 eo
441 3175 580 3244 nomine
598 3176 772 3262 accusari,
794 3203 861 3269 quo
878 3179 1051 3248 absolutus
1064 3196 1128 3249 est.
1151 3184 1186 3252 si
1206 3184 1295 3278 quis,
1312 3183 1356 3247 in-

301 3293 394 3387 quit,
419 3289 524 3359 hodie
541 3289 633 3358 volet
651 3315 704 3358 me
724 3294 900 3384 parricidii
927 3295 1121 3388 postulare,
1143 3323 1213 3367 non
1234 3296 1353 3393 poterit.

301 3405 484 3502 Quomodo
500 3409 647 3491 crimen,
665 3406 759 3499 quod
774 3409 876 3503 objici
892 3435 961 3480 nou
976 3430 1102 3504 potest,
1117 3417 1235 3510 puniri
1247 3411 1358 3512 potest?

300 3523 357 3595 An
375 3527 413 3594 iu
426 3523 522 3593 bello
542 3525 634 3593 civili
655 3542 729 3593 acta
748 3527 849 3621 objici
870 3532 1111 3622 nonpossint?

301 3710 444 3766 admodum
454 3709 813 3765 dubiefluctuantemaalvum
863 3735 971 3787 eumque
991 3729 1122 3788 pretorem
1147 3718 1218 3772 illius
1237 3717 1357 3772 deferretur

301 3790 425 3846 remisisse
441 3789 561 3856 domum,
578 3792 655 3843 refert
666 3791 815 3844 Plutarchus
858 3793 1065 3856 -nornen3uullus
1075 3793 1360 3867 idreeipereausuteutt»

300 3879 326 3920 et
334 3865 452 3920 Valerius
462 3865 507 3920 lib.
515 3866 549 3928 V,
561 3886 614 3940 cap.
626 3865 649 3918 3.
658 3867 746 3919 Oratio
755 3876 814 3922 verb
863 3867 910 3920 Jus
920 3888 989 3922 nune
1001 3883 1053 3923 erat
1064 3871 1149 3924 datum
1162 3872 1188 3926 id
1201 3856 1278 3944 geu'ni
1287 3868 1355 3924 secie·

301 3944 505 4000 intercidittuon
516 3943 690 4014 igiturcontra
705 3943 815 3998 sentien-
863 3944 948 4006 ribus,
969 3947 1040 4017 isque
1053 3946 1116 4022 reip.
1128 3960 1206 4000 statua
1222 3961 1246 4001 et
1264 3966 1324 4000 nune
1338 3953 1357 3994 ei

192 4051 197 4062 ·
301 4023 371 4076 tibus
382 4022 445 4076 fides
456 4021 572 4076 habenda
587 4034 632 4074 est.
645 4019 748 4073 Sciron.
863 4023 953 4075 secutis
966 4025 1015 4077 suit
1026 4025 1189 4098 temporibus,
1203 4038 1231 4078 ut
1240 4045 1310 4078 nemo
1320 4041 1357 4094 po·

338 4099 814 4170 1.U!necccusariquidempotuerit.
862 4098 948 4154 tuistet
961 4121 990 4153 eo
1003 4101 1139 4173 perducere
1149 4123 1218 4170 rem,
1232 4121 1281 4174 quo
1293 4097 1357 4172 Pupi·

302 4175 368 4232 Tum
378 4175 447 4246 quod
456 4175 539 4228 civilis
549 4174 611 4228 belii
620 4173 658 4227 illi
667 4175 814 4247 patrocina-
861 4173 912 4228 lius
922 4176 948 4228 in
960 4197 1095 4230 numerum
1105 4198 1207 4232 reorum
1217 4190 1356 4247 enet,quuu

301 4258 345 4302 tur
355 4249 501 4316 neemitu,
520 4264 573 4304 tum
591 4249 661 4322 quod
673 4250 705 4304 ed
719 4270 814 4322 quem·
861 4273 986 4308 summam
994 4275 1064 4310 nunc
1072 4267 1186 4311 tenerent
1193 4251 1356 4330 rempetdeie
