2874 4768
224 455 455 524 excurtem
480 453 642 522 doura.
669 457 749 522 mn.
777 457 878 539 vm,
903 459 936 524 e.
1050 463 1110 552 591

25 585 195 652 dotatam
215 579 320 650 duxi?
335 583 435 648 Errat
449 602 556 664 socer,
573 581 632 670 qui
652 596 748 672 putat
771 582 855 650 mihi
876 586 1040 653 cariorem
1064 586 1119 654 fu-

28 715 156 767 turam
174 695 340 791 puellam,
360 697 389 762 ai
406 718 459 761 me
473 695 622 788 potuerit
635 695 804 764 occidere.
820 697 916 789 Quid
929 701 1019 768 enim
1034 701 1117 769 mihi

32 813 233 908 superest?
249 834 368 905 preces
387 833 471 878 meae
490 834 575 902 quaa
597 811 697 880 totiea
717 809 877 894 adhibui,
898 837 942 880 an
959 799 1055 882 istius
1068 815 1120 882 la·
1193 799 1196 814 ¹

34 953 176 1022 crymae
201 951 284 1020 quaa
305 925 418 994 movi?
437 924 533 993 Nihil
557 925 641 994 mihi
665 927 824 995 inimicus
842 928 992 1021 objicere
1010 945 1119 1023 potest

34 1061 176 1139 praeter
193 1040 460 1111 matrimonium.
481 1041 627 1132 Magnus
644 1056 695 1108 eat
709 1064 823 1123 amor,
847 1044 907 1134 qui
930 1067 970 1112 ex
986 1045 1118 1112 miseri-

35 1157 168 1228 cordia
186 1157 292 1226 renit.
313 1153 555 1233 Fundebamus
572 1154 737 1246 iacrymas
751 1178 790 1222 ex
806 1159 1001 1248 poenitentia
1018 1157 1119 1227 diasi-

37 1273 96 1342 dii
114 1274 262 1366 prioria;
277 1293 341 1338 nec
354 1269 452 1362 plura
465 1285 523 1336 aut
536 1293 589 1337 me
602 1269 776 1363 proloqui,
791 1287 850 1338 aut
861 1273 960 1340 iatum
976 1297 1117 1367 reapon-

40 1388 134 1457 dere
143 1409 250 1481 paatae
262 1401 341 1454 aunt
351 1400 480 1454 mentes
495 1384 626 1478 gaudiis
638 1400 821 1477 occupatae.
833 1385 933 1452 Nulla
942 1387 1119 1480 integritas

41 1499 285 1588 rauranum,
312 1503 411 1570 etiam
435 1501 626 1594 explorata,
648 1499 812 1584 confidit,
833 1518 870 1569 ut
886 1525 1018 1572 cautam
1037 1504 1120 1572 velit

42 1619 180 1688 dicere.
207 1617 242 1687 si
267 1617 530 1710 interrogaverit
553 1615 675 1700 filiam,
699 1630 828 1708 partem
854 1617 941 1710 legia
962 1634 1117 1711 amputa-

42 1737 164 1804 turua¹
180 1757 217 1803 ea
234 1760 242 1799 :
260 1734 287 1800 ai
304 1755 373 1800 non
386 1731 670 1823 interrogaveris,
688 1729 811 1823 legem.
823 1733 858 1800 Si
873 1755 999 1824 genero
1012 1735 1122 1825 vitam

45 1847 317 1932 detumescet,
340 1847 440 1914 etiam
460 1846 686 1914 innocentiam
710 1846 1115 1942 reliquioeet.'Quaeritio,

47 1965 139 2058 quid
156 1965 236 2032 dum
253 1963 367 2045 fleret,
385 1963 548 2030 iecerit¹i
562 1963 638 2029 Non
656 1963 815 2054 negavit,
836 1979 870 2031 et
886 1959 1035 2032 tolebat³
1055 1988 1118 2032 ne·

48 2103 148 2173 gare.
166 2081 201 2149 si
219 2079 323 2147 nollet
341 2093 504 2160 mortem,
526 2092 702 2170 optaturus
720 2079 798 2145 eat?
815 2081 988 2148 nonenim
1005 2095 1117 2172 potest

49 2215 112 2262 cae
128 2208 240 2287 parter
256 2191 342 2285 legia
357 2189 570 2276 desiderare,
587 2215 671 2283 quaa
683 2190 798 2259 habet.

92 2375 563 2446 =.Amputatur.vat.t.tmputanms.
611 2372 747 2444 guezNon
755 2377 1116 2446 negooittletsolebntnegere

90 2475 115 2506 n.
134 2453 210 2524 Quid
221 2451 379 2522 dumfhrei,
389 2451 500 2522 fecerit?
515 2449 564 2501 Atii
612 2451 637 2502 εἰ
650 2449 736 2501 nollet.
748 2449 818 2500 Dein
834 2449 889 2522 iege
900 2468 907 2502 ι
918 2451 1029 2504 Mortem
1039 2464 1118 2521 opta-

53 2531 134 2603 quid‚
146 2527 427 2599 dumfleret,sooeret?
439 2526 492 2580 duo
502 2523 566 2578 libbi
613 2535 674 2578 tura
688 2536 803 2578 estimo
816 2529 883 2580 enirn
895 2534 1037 2596 puteoleos
1047 2548 1119 2596 por·-

55 2629 98 2683 ap.
112 2604 457 2676 Schottqut'dflereseeerit.
611 2611 650 2657 tes
669 2606 734 2673 legis
753 2605 917 2668 desiderare,
939 2625 1007 2674 quos
1031 2605 1117 2660 habri.
1151 2615 1157 2628 ·

91 2683 118 2736 3.
131 2684 191 2737 Non
201 2685 336 2753 negarim
344 2681 451 2734 redebet.
460 2678 564 2732 Datin-
614 2678 744 2752 lnteilige‚
758 2680 864 2751 nuptias.
877 2680 986 2734 Gronov.
