2874 4768
281 340 345 410 tos
601 339 649 404 M.
675 329 819 410 ANNE]
841 335 1020 404 SENECAE

280 467 383 536 frater
406 482 550 558 patrem.
575 461 908 564 Emicahaat‘densis
931 461 1083 556 undique
1105 462 1256 532 nubibus
1281 466 1357 532 fut-

279 584 389 668 miua,
403 596 442 650 et
456 571 668 673 tempestates
690 577 836 647 horridae
851 578 1100 648 absconderant
1118 578 1232 662 diem,
1251 582 1355 648 intu-

279 714 409 769 muerat
426 720 537 779 mare,
551 695 652 787 justis
665 719 805 787 quoque·
814 695 961 788 navigiis
970 693 1195 763 horrendum.
1211 695 1347 778 Habes,

280 817 435 906 inquam,
461 811 587 896 frater,
613 812 641 902 si
665 809 829 878 innocens
852 835 888 878 es
899 859 910 896 ,
930 812 1105 904 navigium
1121 836 1131 878 ε
1145 813 1174 880 si
1188 835 1343 894 nocens,

280 927 426 997 culeum.
451 927 526 994 Non
548 925 642 1018 potui
661 924 773 994 facere
789 924 1034 1018 parricidium,
1051 941 1151 1017 quam
1174 926 1275 997 lacile
1292 953 1347 996 er·-

151 1117 153 1120 ,
280 1065 393 1110 ramus
411 1035 543 1109 omnes!
564 1055 599 1107 et
613 1040 736 1107 lactum
758 1041 887 1132 putavi.
912 1041 1046 1127 Frater,
1065 1042 1198 1133 inquit,
1216 1059 1254 1110 tu
1276 1046 1346 1135 pri·

280 1177 353 1224 mua
367 1157 404 1221 in
423 1153 522 1221 domo
537 1149 890 1246 parricidiumfacies.
905 1152 1051 1246 {iacebat
1074 1155 1110 1221 in
1124 1153 1240 1223 littore
1253 1159 1345 1224 navi-

282 1272 395 1364 gium,
415 1266 623 1362 quodetiam
641 1269 813 1365 integrum
832 1266 1015 1336 infeliciter
1032 1284 1180 1339 vexerat.
1200 1269 1343 1340 Credam

267 1385 503 1480 parricidam,
520 1385 548 1453 si
562 1383 626 1451 tibi
639 1384 866 1477 proficiscenti
879 1385 1052 1475 navigium
1067 1407 1164 1452 tuum
1179 1384 1338 1456 reddidit.

280 1500 399 1571 Subito
413 1499 497 1568 milri
517 1523 593 1567 cum
612 1498 724 1567 animo
743 1499 874 1592 pariter
886 1497 1010 1568 excidit
1023 1499 1168 1578 sermm,
1186 1514 1220 1568 et
1233 1503 1342 1570 nescio

281 1639 348 1708 qua
367 1614 621 1709 perturbatione
641 1613 789 1684 tenebrae
804 1613 1020 1708 stupentibus
1033 1611 1262 1694 effunduntur
1273 1641 1343 1684 octe

282 1731 346 1815 lis,
375 1730 523 1798 intellexi
547 1753 648 1822 quam
677 1727 819 1798 difficile
850 1746 937 1797 esset
965 1711 1188 1823 parricidium
1212 1729 1339 1812 lacere,

281 1850 381 1916 etiam
397 1835 489 1940 quod
503 1847 698 1940 imperasset
710 1848 890 1941 Interim
903 1844 1009 1930 mihi,
1030 1869 1106 1938 quae
1124 1846 1196 1922 sola
1209 1849 1343 1916 miserus

281 1966 318 2031 iu
346 1961 445 2032 domo
472 1978 588 2032 nostra
615 1965 776 2064 respicit,
805 1963 940 2031 fortuna
960 1956 1148 2062 succurrat.
1173 1965 1343 2063 Proiectus

280 2095 378 2174 pater
398 2080 582 2173 tranquillo
605 2059 906 2173 marm-‚auspicato
930 2080 1075 2164 itinere,
1103 2074 1239 2174 integra
1257 2083 1340 2152 nari.

276 2195 376 2289 Quid
400 2195 468 2265 *hoc
490 2198 565 2272 est?
585 2195 718 2268 leliaius
739 2197 912 2288 nauigauit
936 2196 1132 2280 damnatus,
1147 2206 1265 2288 <quim
1288 2199 1342 2290 qul

277 2308 512 2384 'damnaverat
542 2309 821 2382 Utrumiitletur
846 2311 964 2395 robis,
990 2312 1231 2380 innocentiam
1257 2311 1343 2405 apud
1414 2383 1415 2388 ,

277 2429 407 2521 piratas
424 2427 603 2512 didicisse,
625 2453 670 2496 au
683 2452 727 2497 ne
740 2426 831 2522 apud
844 2429 969 2519 piratas
984 2426 1122 2520 qui'dem
1135 2427 1342 2520 perdidisse?

280 2545 449 2626 Perieras,
464 2560 574 2636 pater,
591 2544 657 2612 nisi
670 2541 707 2611 in
717 2541 923 2636 parricidam
936 2542 1127 2612 incidisses.
1140 2543 1254 2612 Scissa
1266 2567 1343 2636 quo·

281 2657 440 2751 querela
463 2651 612 2750 fecerant
634 2658 747 2743 sinus,
777 2675 811 2727 et
833 2659 1015 2728 instructas
1040 2657 1164 2750 classes
1187 2659 1342 2750 naufraga

279 2790 496 2868 precesserat
512 2775 750 2870 naviamires
770 2776 951 2868 nauigare,
973 2775 1034 2868 qui
1053 2790 1251 2866 servaturus
1263 2785 1344 2868 esset

279 2906 423 2986 patrem.
441 2867 523 2958 Erat
535 2891 726 2986 navigium,
741 2893 844 2984 immo
858 2890 980 2959 iuerat.
995 2888 1205 2979 Ocrudelis‚
1223 2907 1258 2958 et
1269 2914 1343 2984 pen

280 3005 374 3072 tinax
386 3025 554 3088 noverca,
571 3001 793 3072 nihilomiuus
808 2999 925 3070 saevis!
944 3004 1049 3072 maria
1057 3001 1130 3094 jam
1144 3003 1340 3093 quiescunt,

280 3117 457 3220 praedones
470 3120 687 3201 miserentur,
703 3119 781 3187 irati
795 3134 951 3216 parcunt.
968 3119 1054 3188 Veni
1069 3118 1114 3192 ad
1125 3142 1209 3202 vos,
1225 3137 1264 3189 ut
1274 3145 1344 3217 pro·

280 3233 358 3301 bem
383 3256 437 3302 me
462 3232 678 3326 parricidam.
706 3235 831 3304 Multas
857 3257 971 3302 rerum
997 3251 1120 3304 natura
1139 3239 1260 3305 mortis
1278 3240 1342 3326 vias

280 3349 434 3442 aperuit,
454 3362 489 3415 et
505 3347 619 3416 multis
637 3348 816 3419 itineribus
831 3349 899 3418 fata
916 3348 1114 3420 decurrunt.
1135 3351 1284 3442 Omatia
1291 3353 1342 3443 ju·

280 3467 384 3533 stiora
402 3459 562 3558 judiciis!
589 3464 621 3532 Ο
642 3463 794 3536 mitiores
817 3464 975 3557 procelle
998 3463 1341 3559 patreluonputatit

280 3561 560 3665 misericordem,
586 3580 645 3672 qui
674 3603 773 3671 quem
802 3579 991 3668 damnavit,
1016 3583 1114 3651 fratri
1139 3581 1340 3674 puniendum

281 3697 403 3768 dedit?
423 3696 585 3768 Centurio
606 3695 840 3792 Mithridatem
864 3722 932 3766 non
951 3700 1062 3792 potuit
1082 3696 1240 3780 occidere
1257 3698 1339 3770 :Mi-

280 3814 463 3884 thridatem
475 3864 486 3899 ,
512 3812 560 3882 dii
586 3813 689 3892 boni,
721 3838 823 3906 quam
850 3837 920 3881 uon
950 3812 1089 3882 dubium
1115 3811 1336 3906 parricidam!

280 3927 413 4013 Gaude,
424 3942 533 4021 pater,
544 3941 665 3994 neuter
674 3949 715 3994 ex
728 3925 808 3994 liliis
818 3929 883 3997 tuis
888 3925 1111 4021 parricidium
1121 3926 1214 3995 feeit.
1224 3929 1333 4005 Narra,

282 4058 400 4136 pater,
430 4042 597 4135 quomodo
625 4058 658 4112 te
683 4040 868 4129 dimiserit,
888 4046 937 4114 sic
955 4043 1127 4113 dimissus.
1150 4047 1281 4114 Nocent
1296 4053 1336 4110 et
