2874 4768
328 457 393 547 594
647 457 694 520 Μ.
721 453 864 521 ANNAEl
887 453 1067 522 SENECAE

327 597 364 649 tu
379 602 510 675 poenam
525 595 621 671 putas
638 602 699 672 pro
719 577 873 646 Miltiade
894 576 1050 669 alligari?
1068 581 1230 672 Magnum
1245 599 1397 676 uterque

325 691 527 766 beneficium
540 693 618 762 dum
632 692 765 775 damus,
782 693 965 785 recipimus
982 719 990 759 :
1004 717 1082 785 ego,
1097 694 1188 785 qnod
1198 697 1395 768 Miltiadem

325 811 472 893 redemi,
496 826 532 878 tu
550 808 643 900 quod
659 810 847 877 Cimonem.
867 809 1116 900 Turpissimum
1140 809 1242 894 duxi,
1268 813 1318 881 ab
1336 838 1395 882 eo-

188 990 190 996 .
324 927 399 994 dem
417 923 540 993 dimitti
557 937 591 990 et
603 920 775 989 adulteros
791 936 825 988 ct
837 921 1031 999 Cimonem.
1047 925 1119 1014 Ego
1136 947 1229 1007 sum,
1248 929 1313 1018 qui
1335 951 1392 996 η.

324 1040 413 1108 serre
429 1038 569 1132 gratiam
587 1057 630 1106 ne
649 1036 791 1104 mortuis
805 1033 944 1127 quidem
956 1034 1095 1119 *desino
1118 1039 1168 1106 lte
1187 1037 1274 1106 mihi
1289 1063 1391 1110 veros

322 1154 449 1222 habere
471 1149 596 1220 liberos
618 1151 811 1242 contingat,
834 1148 927 1241 quod
949 1167 1111 1240 quantum
1132 1155 1192 1239 sit,
1215 1155 1391 1226 Miltiades

322 1283 476 1361 expertus
490 1281 552 1346 eat.
570 1267 702 1356 Dignus
716 1280 789 1332 erat
802 1263 927 1332 Callias
941 1264 1041 1333 talem
1054 1269 1232 1356 genuisse,
1251 1272 1387 1362 qualem

322 1380 475 1450 redemit.
500 1380 565 1448 Dic
583 1401 694 1461 nunc,
714 1401 780 1469 ego
798 1394 832 1444 te
849 1398 986 1446 carcere
1001 1381 1108 1446 exemi
1133 1406 1140 1446 ι
1162 1383 1218 1449 eui
1242 1405 1387 1478 respon-

320 1498 434 1579 deam,
456 1499 527 1586 Ego
547 1516 600 1562 me
617 1493 745 1562 carceri
763 1489 901 1560 tradidi.
918 1495 1098 1585 Nunquam
1114 1496 1191 1580 fiet,
1210 1517 1249 1565 ut
1263 1501 1385 1569 melius

320 1627 430 1682 actum
443 1627 579 1704 putem,
597 1607 688 1700 quod
702 1633 721 1676 a
735 1608 841 1676 Callia
856 1608 1049 1700 redemptus
1064 1634 1158 1692 sum,
1175 1637 1274 1703 quam
1292 1619 1383 1708 qnod

320 1755 382 1823 pro
392 1727 544 1796 Miltiade
556 1726 725 1817 alligatos.
742 1728 814 1833 ligo
829 1748 881 1791 me
893 1749 914 1791 a
930 1742 961 1793 te
976 1725 1185 1820 redemptum
1197 1731 1381 1822 putabam:

319 1844 457 1914 emisisti
473 1863 525 1910 me
540 1841 617 1908 filiae
630 1855 708 1907 tuae.
724 1837 839 1907 Calliae
850 1839 954 1907 filiam
968 1839 1047 1908 duxi
1060 1867 1069 1907 s
1080 1841 1168 1909 hanc
1179 1843 1254 1926 tibi,
1266 1865 1378 1938 pater,

320 1959 399 2028 dum
414 1961 564 2052 ingratus
578 1979 649 2024 esse
663 1955 759 2035 nolo,
778 1953 937 2046 injuriam
952 1955 1029 2024 feci.
1047 1959 1124 2026 Non
1137 1983 1269 2051 possum
1284 1964 1334 2031 ob
1346 1965 1378 2032 id

319 2075 490 2156 damnari,
517 2071 608 2163 quod
631 2073 705 2162 lege
731 2069 854 2138 fectum
881 2088 943 2139 est.
972 2073 1176 2142 Beneficium
1194 2094 1262 2159 est,
1285 2080 1378 2171 quod

321 2205 424 2258 totum
457 2189 528 2280 ejus
560 2207 658 2252 consa
684 2199 881 2275 praestatur,
908 2186 1069 2278 inquom
1096 2189 1279 2259 confertur.
1311 2195 1376 2264 Ubi

317 2303 410 2372 aliud
426 2326 522 2370 exeo
537 2301 613 2393 quis
629 2314 740 2391 sperat
749 2349 760 2384 ,
783 2316 842 2366 aut
859 2319 1042 2394 praeparat,
1065 2327 1133 2370 non
1147 2305 1374 2392 beneficium,

318 2418 377 2488 sed
392 2418 568 2487 consilium
586 2431 647 2483 est.
669 2417 805 2485 Summo
827 2429 860 2481 te
880 2414 1046 2484 dedecore
1064 2416 1202 2488 liberavi
1216 2422 1374 2492 invitum.

194 2517 199 2534 '
317 2531 501 2603 Redemisti
521 2556 591 2615 me,
614 2547 647 2599 ct
669 2547 704 2597 tu
722 2554 789 2596 non
807 2547 993 2622 rogantem.
1012 2532 1121 2620 Habes
1135 2535 1327 2627 Virginios,
1344 2555 1376 2606 et

318 2663 351 2714 et
370 2647 573 2738 quicumque
591 2645 723 2711 vitiatas
740 2641 846 2726 filias,
866 2641 920 2709 vel
943 2636 1153 2730 clauserunt,
1172 2651 1228 2718 vel
1241 2649 1378 2719 occide-

172 2797 179 2810 ·
318 2777 410 2830 runt.

364 2935 475 3003 PARS
492 2935 680 3002 ALTERA.
703 2934 779 3001 Duo
799 2931 964 3002 beneficia
988 2929 1067 3000 dedi
1085 2961 1093 3001 :
1109 2952 1144 3002 et
1167 2938 1314 3022 redemi,
1341 2959 1375 3007 et

315 3050 429 3142 egenti
448 3047 550 3116 filiam
563 3049 737 3116 collocavi.
752 3048 886 3138 Objicio
902 3048 964 3116 tihi
973 3097 984 3134 ,
1001 3049 1092 3140 quod
1106 3075 1244 3120 uxorem
1258 3079 1375 3147 passus

314 3187 350 3232 es
370 3163 554 3232 adulteram
574 3164 672 3248 fieri,
694 3163 785 3256 quod
802 3186 870 3230 non
887 3161 1076 3246 custodisti,
1104 3167 1197 3256 quod
1225 3187 1374 3238 moratus

314 3301 372 3361 es,
400 3276 479 3346 dum
503 3281 736 3372 superveniret
761 3292 856 3372 pater
880 3291 1045 3370 spectator
1069 3302 1135 3348 suae
1157 3282 1368 3352 calamitatis.

311 3395 384 3486 Ego
395 3417 462 3461 non
476 3409 764 3486 exspectaveram,
786 3393 894 3460 donec
912 3415 1060 3484 rogares.
1079 3393 1222 3464 Moleste
1239 3397 1370 3466 ferebas

312 3527 463 3574 socerum
486 3505 554 3575 dici
573 3505 725 3575 Calliam.
750 3509 862 3574 Mores
880 3505 1000 3598 puellae
1020 3529 1088 3573 non
1108 3523 1238 3576 tantum
1252 3533 1367 3602 passus

309 3644 345 3690 cs
366 3623 402 3689 in
426 3623 507 3689 vitia
527 3621 618 3706 labi,
643 3620 703 3690 scd
724 3623 795 3716 ipse
813 3620 976 3714 impulisti
995 3648 1002 3687 :
1018 3637 1135 3688 nactus
1159 3626 1365 3722 occasionem

310 3759 376 3804 non
393 3736 547 3804 omisisti.

354 3910 518 3980 EX'I'RA.
527 3912 591 3980 llic
604 3911 741 3980 'coloret
750 3915 927 3997 Garatom,
944 3923 976 3980 e't
989 3915 1148 3996 Lirnorrr,
1158 3917 1363 3982 etMoztrtrto

305 4026 451 4118 placuit,
471 4041 507 4122 ut
528 4025 617 4096 nihil
639 4027 673 4094 in
689 4027 829 4096 Calliam
853 4026 1022 4097 diceretur
1043 4029 1307 4114 contumeliose,
1328 4032 1362 4096 ia

302 4143 564 4238 redemptorem,
589 4147 624 4212 in
646 4167 797 4213 socerum
818 4143 1000 4214 infelicem.
1018 4145 1141 4216 Multas
1161 4149 1362 4240 questiones
