2876 4804
348 387 392 431 aa
659 359 798 429 JUSTO
824 355 979 425 LlPSlO.
1004 355 1076 422 J.C.

336 469 388 548 vris
402 494 551 550 evocatus
566 500 618 544 me
637 478 774 560 contuli,
801 481 933 565 ejusque
954 478 988 540 in
1010 474 1225 541 contubernio
1243 475 1288 541 sic
1300 477 1407 560 hassi,

347 605 384 654 ut
391 584 940 674 joca,se1ia,bibliothecam,atque
951 580 1033 646 adeo
1041 601 1407 648 mensamcommunenr

346 716 414 758 esse
428 691 538 774 vellet,
552 705 589 754 ut
604 713 772 779 nunquam
787 689 846 754 nisi
859 688 1037 753 doctiorem
1052 711 1071 750 a
1084 709 1118 750 se
1133 685 1302 769 dimiserit,
1312 709 1406 752 euin·

346 823 411 892 que
422 799 537 862 merito
546 798 684 886 parentis
695 797 784 880 loco,
794 793 874 860 dum
884 795 977 876 vixit,
990 811 1026 858 ut
1035 809 1067 858 et
1075 793 1204 858 funebri
1215 794 1406 860 laudatione

346 919 495 973 testatum
512 905 644 995 reliqui,
660 903 817 969 duxerim.
828 903 889 968 llic
902 903 1054 984 alterum,
1069 901 1125 967 sed
1141 903 1325 990 Epitomes,
1342 924 1405 968 seu

348 1013 585 1102 Excerptorum
595 1027 688 1077 vetus
704 1009 866 1099 exemplar
877 1026 1004 1091 nactus,
1020 1024 1052 1072 et
1063 1012 1163 1095 majus
1175 1010 1293 1090 otium,
1308 1025 1407 1074 notas

346 1120 444 1212 paulo
467 1119 634 1184 uberiores
645 1117 817 1205 conscripsi
828 1165 836 1198 ,
847 1115 938 1204 quod
949 1116 994 1180 M.
1007 1116 1083 1180 Ant.
1096 1115 1261 1180 Muretum
1274 1116 1405 1204 elegan-

346 1222 456 1286 tissimi
467 1223 572 1284 virum
582 1220 701 1310 ingenii
715 1221 776 1284 bos
792 1217 891 1282 libros
905 1217 1037 1282 nunbne
1059 1218 1210 1306 attigisse,
1230 1217 1406 1282 immatura

348 1301 501 1394 niinirum
524 1343 629 1393 morte
646 1342 860 1415 prereptum,
875 1321 1181 1390 animadvertissem:
1193 1345 1301 1412 neque
1316 1325 1407 1392 enim

349 1434 467 1499 ultimis
478 1433 511 1496 in
523 1431 615 1496 terris
625 1433 763 1496 versanti
775 1431 853 1496 mihi
866 1432 899 1494 in
911 1445 1052 1495 mentem
1060 1429 1171 1492 venire
1179 1429 1301 1518 potuit,
1311 1453 1350 1494 ac
1362 1452 1407 1496 ne

349 1563 409 1629 per
430 1556 634 1604 transennam
661 1535 793 1626 quidem
815 1558 1011 1625 cognoscere
1032 1535 1121 1600 licuit
1137 1535 1213 1600 alios
1231 1535 1265 1599 in
1281 1535 1407 1619 Gallia,

349 1646 584 1732 Germaniaque
606 1644 827 1719 annotationes
853 1643 975 1708 moliri:
987 1641 1044 1729 qui
1061 1657 1187 1708 tantum
1203 1640 1291 1706 abest
1304 1657 1343 1706 ut
1357 1643 1407 1707 lu-

350 1752 489 1816 minibus
505 1748 620 1814 nostris
642 1748 875 1829 obstruxerint,
892 1747 933 1812 ab
950 1736 1144 1835 edendoque
1166 1745 1406 1828 deterruerint,

352 1856 443 1947 quod
457 1853 630 1944 praefiscine
643 1854 730 1942 apud
741 1869 774 1918 te
785 1853 894 1935 liceat,
907 1867 945 1918 ut
956 1854 1077 1917 crebris
1093 1854 1187 1918 etiam
1204 1853 1408 1941 litterisque

352 1988 425 2030 mea
440 1966 525 2032 foras
540 1964 668 2047 darem,
689 1987 726 2030 ac
741 1985 833 2054 paene
853 1965 999 2030 convicio
1024 1961 1165 2054 quodam
1191 1962 1406 2052 efflagitarint.

351 2071 430 2155 Quo
442 2073 475 2136 in
496 2095 633 2137 nurnero
661 2088 693 2136 et
715 2071 914 2136 doctissimus
935 2070 1057 2152 Faber,
1085 2071 1140 2158 qui
1161 2070 1283 2158 seriptis
1305 2093 1408 2136 manu

352 2178 585 2267 exemplaribus
592 2178 890 2266 destitutus,primis
896 2176 1049 2242 duntaxat
1064 2175 1256 2240 editionibus
1274 2176 1412 2242 instruc

352 2307 422 2374 tus,
457 2285 596 2378 εὐστοχίᾳ
613 2308 720 2356 tamen
732 2316 855 2356 summa
866 2292 1003 2380 plurima
1017 2291 1149 2355 vulnera
1164 2291 1292 2355 sanavit.
1310 2293 1411 2357 Corn·

353 2397 461 2486 paravi
471 2397 579 2485 itaque
590 2398 744 2463 Senecam
762 2395 889 2477 denuo,
905 2419 972 2460 non
987 2418 1055 2461 uno
1072 2396 1313 2474 Govarruviano
1331 2421 1414 2462 con-

277 2561 279 2568 ,
352 2519 461 2568 tentus
475 2504 662 2593 exemplari,
683 2502 773 2592 quod
790 2527 890 2593 graeca
903 2502 1051 2568 sufficere
1066 2525 1133 2567 non
1155 2519 1263 2591 posset
1278 2507 1410 2588 omnia,

355 2633 431 2674 curn
441 2612 543 2676 tribus
553 2612 769 2676 vetustissimis
786 2609 950 2676 codicibus
962 2631 970 2673 :
981 2610 1092 2673 llornae
1110 2609 1242 2698 quidem
1267 2609 1410 2700 degens,

356 2739 431 2781 curn
446 2717 600 2783 Vaticano
613 2717 783 2805 pontificiae
795 2715 997 2781 bibliothecae
1011 2739 1078 2780 uno
1090 2713 1131 2779 de
1141 2716 1248 2780 multis
1262 2718 1412 2805 optimo,

356 2833 387 2880 et
398 2818 588 2885 veneranda
603 2817 814 2904 antiquitatis,
837 2832 869 2881 et
888 2839 963 2882 cum
981 2816 1284 2906 Augustodunensi,
1308 2843 1411 2907 quem

355 2923 501 2990 codicem
511 2923 679 3009 antiquum
690 2920 821 3009 quidem
830 2923 937 3003 illum,
947 2921 1002 2988 sed
1015 2939 1099 2986 notas
1110 2946 1178 2987 non
1190 2924 1316 3011 optimae
1325 2972 1334 3005 ,
1342 2925 1410 2990 Jac.

354 3029 599 3117 Dalecbampius
615 3027 759 3092 medicus
775 3028 903 3092 miserat
913 3051 921 3093 :
931 3027 1072 3117 denique
1084 3031 1252 3118 Brugensis
1266 3031 1412 3096 hominis

356 3135 558 3200 eruditissimi
585 3133 741 3199 beneficio
767 3151 919 3223 quartum
943 3151 1071 3218 nactus,
1101 3151 1247 3200 accurate
1268 3136 1410 3202 invicem

356 3239 516 3320 commisi,
533 3257 565 3306 et
579 3240 686 3330 graecis
700 3241 870 3305 rhetorum
882 3240 974 3306 dictis
998 3241 1127 3308 lacunas
1141 3265 1270 3322 omnes,
1287 3243 1411 3309 hiatus

355 3371 420 3437 que
442 3337 551 3436 quoad
565 3350 632 3434 ejus
646 3347 745 3425 lieris
762 3369 813 3410 me
831 3348 951 3435 potuit,
974 3348 1116 3437 explevi,
1136 3349 1289 3414 consultis
1311 3352 1411 3416 etiam

356 3453 520 3520 interdum
543 3452 729 3518 doctissimis
750 3453 866 3518 amicis.
887 3451 1013 3519 Dehinc
1035 3455 1179 3519 laborem
1204 3469 1354 3520 nostrum
1376 3459 1411 3522 in

318 3611 320 3618 -
356 3560 489 3630 Galliam
503 3560 649 3626 miseram
661 3559 856 3648 Lugdunum
868 3559 1135 3650 Segusianorum,
1146 3577 1325 3650 exortoque
1341 3566 1415 3650 jam¹

356 3667 579 3734 florentissimo
590 3668 623 3731 in
638 3687 739 3754 regno
762 3665 919 3733 loederato
938 3667 1024 3733 bollo
1043 3668 1283 3757 Rothomagum
1296 3687 1413 3757 partus

358 3775 530 3863 abripitur,
545 3774 685 3862 indeque
696 3775 729 3838 in
742 3776 875 3864 patriam
889 3774 1188 3840 tandem'maritimo
1199 3775 1312 3840 itinere
1326 3775 1411 3842 dela-

357 3901 426 3965 tus,
448 3897 484 3946 ut
506 3880 580 3946 belli
603 3879 775 3962 llansmam,
799 3883 842 3947 sic
863 3882 1065 3971 naufragium
1080 3883 1133 3946 vix
1152 3883 1257 3946 evasit
1275 3882 1355 3947 Post
1377 3882 1411 3947 in

356 3988 525 4056 Germania
540 3987 779 4076 lumbifragium
791 4004 954 4070 metuens,
965 3990 1098 4077 propius
1115 3988 1233 4054 facturn
1248 3989 1409 4069 estnihil,

355 4119 451 4183 quain
468 4111 505 4160 ut
521 4093 753 4164 domuitionem
775 4119 889 4185 parans
902 4097 933 4160 in
955 4095 1095 4186 plagiarii
1116 4119 1228 4160 manus
1249 4095 1411 4160 incideret
