2874 4796
272 350 337 434 ms
471 399 482 420 ,
595 305 1019 416 u1.ANNAE1anneAE

535 626 974 746 ,onetlnlrro
1003 627 1060 714 v.

434 819 576 868 'PORTA
602 821 625 868 t
651 818 859 867 Tuntuuo
886 819 964 867 PRO
990 817 1172 867 murro.

270 969 386 1030 Tunut.
407 968 494 1056 Torta
508 993 527 1030 a
543 981 663 1053 tyrunno
679 991 763 1044 umor,
779 971 914 1052 numquid
926 971 962 1030 de
976 970 1030 1030 oiri
1041 967 1233 1050 tyrannicidio
1245 971 1339 1038 xiid,
1423 981 1424 988 ’

309 1073 492 1150 perseverarit
505 1094 626 1150 negara-
637 1081 736 1151 postea
750 1073 869 1134 martius
889 1072 950 1151 ejus
970 1082 1120 1152 tyrunnutn
1136 1070 1260 1142 aceruu-
1273 1072 1342 1131 intru
1423 1125 1424 1142 ,

311 1173 523 1254 quenquennium
535 1193 589 1232 non
599 1174 772 1252 parientem,
788 1172 943 1233 sterrlr'tutir
954 1173 1065 1234 nornine
1078 1171 1199 1232 dtinuit.
1213 1169 1285 1250 Agit
1295 1173 1343 1232 illc
1423 1153 1424 1166 l

312 1274 425 1352 ingrati.
1030 1267 1034 1275 ¹

638 1379 690 1447 (Ex
702 1381 819 1432 Controv.
833 1377 866 1443 5,
878 1380 921 1430 lib.
936 1378 982 1446 11.)

322 1525 630 1594 DECLAMATIO.
659 1526 724 1593 Fas
744 1527 878 1620 nuptias
900 1525 1167 1617 tyrannicidium
1186 1523 1340 1606 diduxit,

275 1636 366 1734 quas
384 1663 452 1706 non
475 1639 607 1707 diduxit
625 1657 802 1732 tyrannus.
822 1635 1064 1715 Trahebantur
1080 1655 1248 1710 matronae
1264 1664 1344 1709 :ra-

273 1753 457 1848 piebantur
481 1755 632 1846 virgines
659 1782 666 1821 :
692 1756 795 1826 nullae
818 1775 898 1826 tnnc
922 1757 1128 1828 videbantur
1153 1757 1340 1839 feliciores,

274 1892 375 1960 quam
399 1892 474 1960 quae
500 1868 628 1936 liberos
654 1893 722 1937 nou
750 1869 934 1938 habebant.
960 1871 1155 1966 Suspicatus
1178 1886 1232 1939 cst
1256 1871 1344 1939 bunc

272 2001 436 2076 tyrannus
454 1983 496 2051 de
510 1986 737 2077 tyrannicidio
753 1987 924 2081 cogitare,
944 1990 1016 2056 sive
1035 1989 1092 2055 isti
1109 1985 1245 2078 aliquid
1260 1988 1345 2054 exci-

274 2101 344 2182 dit,
373 2103 444 2168 sire
468 2088 537 2169 nou
562 2102 651 2170 bene
672 2103 758 2196 tegit
778 2103 891 2173 vultus
909 2127 1031 2198 magna
1053 2104 1213 2190 consilia,
1235 2119 1344 2172 tamen

273 2219 316 2287 de
332 2220 448 2286 uxoris
460 2218 658 2310 garrulitate
674 2221 772 2312 queri
786 2245 855 2290 non
871 2237 995 2315 potest,
1009 2246 1112 2314 quum
1127 2222 1212 2290 sciat
1223 2246 1345 2316 quem·

273 2335 453 2403 admodum
468 2353 586 2406 taceat.
598 2339 758 2431 Imposita
773 2339 809 2405 in
823 2336 1018 2430 equuleum,
1033 2339 1155 2429 saepius
1167 2337 1213 2406 ad
1223 2338 1347 2408 absen-

276 2465 342 2518 tem
371 2451 482 2518 virum
518 2453 685 2546 respexit,
712 2477 812 2549 quam
841 2451 885 2520 ad
913 2471 1114 2546 presentem
1147 2469 1342 2545 tyrannum.

272 2565 488 2660 Explicatur¹
510 2585 600 2637 totus
617 2569 778 2637 adversus
796 2569 969 2638 infelicem
987 2569 1143 2637 feminam
1159 2572 1346 2663 tyrannice

273 2683 482 2755 crudelitatis
495 2701 675 2778 apparatus
690 2711 697 2749 :
713 2701 746 2752 et
760 2683 818 2752 illa
835 2687 1077 2766 instrumenta,
1093 2685 1252 2754 virorum
1265 2711 1347 2779 quo-

272 2825 341 2893 que
359 2802 487 2870 animos
505 2803 578 2893 ipso
597 2801 673 2868 visu
688 2800 897 2893 frangentia,
918 2799 962 2869 ad
975 2802 1210 2870 excutiendam
1226 2803 1346 2880 mulie-¹

272 2919 345 2986 bris
361 2918 508 3012 pectoris
526 2917 699 2984 seientiam
716 2933 979 3011 proponuntur:
1000 2918 1205 2986 verberibus
1223 2941 1346 3012 corpus

271 3034 496 3128 abrumpitur.
513 3035 657 3117 Nescio,
672 3032 895 3127 Respublica,
913 3057 956 3101 an
971 3032 1033 3102 tibi
1050 3034 1177 3102 liberos
1191 3035 1259 3103 ista
1273 3037 1346 3102 mit·

271 3151 338 3220 lier
359 3150 478 3219 datura
502 3151 547 3218 tit
567 3177 575 3218 :
595 3151 843 3243 tyrannicidam
864 3149 972 3218 dedit.
996 3151 1157 3236 Miraris,
1178 3152 1207 3220 si
1226 3153 1347 3220 transit

271 3266 545 3358 quinquennium
572 3267 663 3335 inter
682 3292 821 3336 uxorem
845 3283 987 3354 tortam,
1013 3283 1048 3336 et
1066 3269 1178 3337 virum
1198 3291 1346 3361 occupa-

271 3393 342 3446 tum
353 3381 386 3448 ²?
402 3380 548 3450 Scissum
567 3403 690 3476 corpus
709 3383 873 3476 flagellis,
892 3383 973 3478 igue
990 3381 1170 3464 adustum,
1191 3397 1345 3450 tormen-

271 3498 384 3590 tisque
409 3498 631 3577 convulsum?
655 3501 845 3594 Ignoscetis
863 3517 947 3593 puto
968 3499 1124 3584 mulieri,
1150 3498 1180 3566 si
1201 3497 1342 3584 dixero,

271 3613 374 3683 Fessa
392 3605 478 3680 θεῖ’.
499 3611 596 3705 Quid
613 3614 841 3705 tyrannicidio
858 3612 1040 3706 gloriaris?
1053 3609 1205 3682 Facilius
1224 3627 1278 3679 est
1291 3628 1345 3704 ty-

270 3749 415 3795 rannum
440 3724 615 3811 occidere,
644 3750 745 3820 quam
772 3725 952 3794 sustinere.
982 3725 1156 3807 Verbera,
1185 3721 1343 3811 laminae,

305 3911 327 3944 ι.
338 3893 507 3965 Explr'ratrrr.
527 3893 604 3948 Frob.
617 3907 641 3946 et
652 3892 712 3946 libb.
726 3893 777 3946 duc
828 3903 854 3946 et
863 3903 965 3948 uterum
975 3895 1125 3948 obtummm
1133 3931 1142 3960 ,
1149 3891 1261 3945 omnino
1272 3891 1344 3945 nale.

271 3975 461 4043 explicabatur.
595 3961 599 3973 ’
859 3971 882 4026 3.
896 3971 931 4024 Si
940 3961 1345 4034 dicem,Fesniert.AliiSid'·

304 4070 327 4104 π.
338 4049 377 4104 Et
392 4056 480 4106 uirum
496 4062 655 4122 occupatum.
673 4052 709 4104 lta
727 4050 776 4104 duo
826 4069 905 4121 xero,
911 4051 995 4124 sassa
1004 4061 1051 4105 est.
1061 4047 1094 4103 Si
1109 4050 1210 4103 dehent
1218 4049 1346 4119 fissum

270 4127 332 4179 libb.
343 4129 410 4199 apud
425 4129 558 4184 scholium
570 4167 578 4196 ,
592 4142 615 4182 et
630 4128 707 4188 Frob.
724 4127 776 4182 Alii
825 4129 905 4184 Frob·
917 4141 940 4184 tl
952 4127 996 4182 lib.
1009 4129 1069 4184 duo.
1081 4125 1176 4182 Sebotr.
