2876 4804
388 371 522 440 ANDR.
550 375 792 442 SCHO'l‘lUS.
1065 403 1105 447 ar

60 490 148 554 misit.
161 489 199 554 Et
212 513 291 556 vero
307 492 436 556 nullum
452 493 589 580 antiquae
602 495 792 584 eloquentiae
815 518 896 584 opus
915 498 1012 585 stragis
1032 499 1111 561 relc-

59 597 147 660 rebat
162 598 322 687 integrum
345 598 601 687 inviolatumque
620 617 758 682 restare,
773 617 870 690 atque
882 603 943 666 hos
957 603 1110 668 declama-

56 703 179 766 tionum
190 705 318 768 Scnerae
327 704 437 771 libros.
447 705 570 770 Verum
579 731 651 796 quae
660 707 703 771 ob
716 709 863 773 acumina
874 711 1107 776 accuratissime

56 805 112 868 edi
121 809 302 895 oportebat,
314 833 373 874 seu
387 815 545 896 majorum
558 813 679 877 incuria
688 862 697 893 ,
707 814 773 878 sive
782 829 966 903 temporum
975 817 1106 903 injuria,

52 933 155 1000 usque
166 936 204 978 eo
216 913 389 1003 depravata
402 916 434 979 in
447 939 559 982 manus
574 934 698 982 nostras
710 937 943 1008 pervenerunt,
960 938 998 986 ut
1010 925 1105 1010 pauci

52 1017 222 1086 admodum
238 1024 302 1088 hos
318 1023 418 1087 libros
431 1025 603 1113 attingere,
622 1027 657 1090 in
678 1050 791 1092 manus
814 1051 958 1108 sumere,
981 1029 1104 1095 nedum

53 1126 185 1216 legendo
196 1146 369 1196 conterere
383 1131 444 1195 sint
459 1133 525 1196 ausi
535 1155 543 1197 z
552 1132 713 1214 deterriti,
727 1135 843 1215 credo,
857 1133 986 1200 infinitis
1002 1161 1106 1226 propu

53 1257 150 1321 quum
160 1237 353 1302 mendarum
369 1240 612 1321 monstris,tum
622 1242 759 1323 lacunis,
771 1243 888 1330 quibus
904 1242 975 1307 libri
987 1244 1040 1326 illi,
1051 1269 1106 1308 cm·

51 1357 118 1404 tera
128 1341 233 1407 diserti
248 1360 281 1408 et
292 1345 394 1426 acuti,
416 1343 577 1410 deformes
588 1346 728 1411 hiabant.
744 1349 888 1411 Disertos
909 1347 991 1430 dixi,
1014 1341 1125 1436 quod¹

53 1553 350 1638 tiuszacutosvero,
360 1556 450 1644 quod
460 1557 647 1623 Graecorum
659 1559 747 1622 natio
756 1558 810 1623 hic
819 1557 1022 1622 declamitans
1033 1561 1105 1624 suh·

51 1659 141 1724 tiliter
158 1663 301 1726 inventis
324 1679 471 1748 caeteros,
489 1677 586 1753 atque
607 1665 791 1754 excogitatis
809 1665 940 1753 argutiis
958 1657 1101 1754 superet.

93 1765 171 1832 Olim
188 1784 281 1833 certe
298 1769 499 1852 Desiderius,
520 1786 552 1834 et
568 1771 739 1835 Pincianus
763 1793 863 1860 graece
885 1772 1062 1860 peritissimi
1086 1797 1104 1836 e

51 1873 204 1938 veteribus
223 1874 408 1954 codicibus,
422 1876 541 1964 quibus
551 1876 705 1941 Senecam
717 1875 846 1941 edolare
860 1879 996 1966 aggressi
1007 1894 1103 1957 sunt,

52 2001 222 2065 morum
246 1981 411 2046 dictorum
432 2005 492 2046 nec
516 1982 622 2047 volam
647 2005 707 2046 nec
740 1983 909 2071 vestigium
931 2005 1045 2048 eruere
1069 2008 1104 2048 se

51 2087 184 2171 potuisse
202 2087 348 2177 ingenue
366 2088 517 2154 fatentur.
540 2089 650 2153 Nostri
671 2112 804 2177 quoque
820 2105 960 2177 quatuor
976 2090 1103 2155 codices

50 2191 140 2281 longe
149 2194 362 2282 antiquissimi
373 2195 495 2260 calamo
506 2194 540 2258 in
553 2196 746 2260 membranis
756 2197 887 2278 exarati,
908 2196 990 2261 adeo
1002 2219 1104 2287 graece

49 2297 182 2387 ineptee
199 2299 338 2366 librariis
359 2301 467 2389 scripti
490 2315 596 2384 crant,
616 2317 654 2364 ut
667 2304 776 2388 jurare
797 2301 916 2390 liqueat
934 2325 976 2367 ne
997 2304 1104 2392 legero

51 2404 191 2490 quidem,
202 2405 328 2470 nedum
339 2405 644 2496 intelligere,saeculi
653 2406 786 2471 sortasse
798 2407 891 2491 vitio,
903 2409 1021 2473 scribas
1033 2410 1103 2473 illos

51 2511 177 2575 novisse.
197 2514 326 2578 Ductus
344 2527 468 2576 tantum
480 2497 658 2578 litterarum
676 2529 854 2602 utcumque
876 2515 1019 2602 sequuti,
1034 2537 1100 2579 non

50 2622 224 2709 assequuti,
235 2619 499 2710 Longobardicos
509 2621 619 2709 potius
630 2621 830 2686 characteres
840 2621 1001 2686 exhibent.
1015 2622 1103 2704 Quid

51 2727 145 2814 ergo?
155 2727 309 2791 Hariolus
320 2728 429 2815 itaque
438 2727 485 2791 fui
497 2727 678 2809 interdum,
689 2745 721 2792 et
729 2728 858 2792 Delium
870 2727 1046 2791 natatorem
1060 2727 1100 2792 ad

51 2831 147 2899 hiatus
161 2833 359 2923 explendos,
371 2834 423 2899 vel
437 2834 603 2923 OEdipum
614 2835 737 2924 potius,
751 2835 807 2925 qui
820 2835 983 2926 aenigmata
996 2833 1103 2898 dissol-

51 2957 148 3021 veret,
159 2940 306 3006 adhibui.
325 2940 451 3005 Sortem
466 2939 608 3029 denique
622 2941 752 3005 Senecae
766 2943 949 3024 miseratus,
966 2942 1101 3029 conqui-

50 3045 248 3126 siri,frust1a
258 3061 384 3127 tamen,
396 3063 506 3111 vetera
519 3047 727 3135 exemplaria:
738 3047 828 3136 quod
846 3046 900 3116 filii
915 3045 1100 3136 philosophi

50 3149 140 3217 Stoici
154 3154 282 3243 scriptis
292 3153 381 3218 libris
393 3137 497 3242 plenae
515 3155 579 3218 sint
595 3176 707 3218 omnes
721 3156 866 3219 omnium
882 3153 1100 3235 bibliothecen,

48 3277 155 3326 contra
164 3271 249 3325 vero
264 3259 373 3325 nullus
395 3261 534 3325 rhetoris
556 3260 661 3326 codex
675 3263 825 3350 antiquus
838 3263 1037 3350 investiganti
1051 3263 1101 3326 ol'-

49 3365 342 3432 ferreturztandem
352 3366 458 3432 Toleti
469 3368 734 3456 Carpetanorum,
743 3389 846 3456 quum
855 3369 889 3431 in
901 3389 976 3432 eum
983 3391 1101 3432 sermo

48 3494 115 3538 uem
125 3472 366 3556 incidissemus,
384 3473 459 3538 Ant.
480 3473 707 3556 Corarruvias,
730 3473 842 3538 Didaci
856 3474 970 3556 freter,
995 3475 1114 3539 excel-¹

45 3577 117 3646 lenti
129 3581 180 3645 vir
200 3597 234 3645 et
260 3579 455 3667 antiquitatis
480 3593 513 3644 et
532 3579 614 3666 juris
636 3579 734 3645 civilis
756 3579 914 3662 doctrina,
936 3595 1098 3668 retustum

46 3686 118 3749 mihi
127 3687 275 3753 codicem
286 3685 448 3751 utendum
456 3685 586 3751 tradidit
594 3686 690 3776 longe
698 3686 857 3775 optimum
866 3709 874 3750 :
883 3707 922 3752 ex
929 3707 996 3775 quo
1008 3703 1098 3752 eruta

47 3815 137 3880 grem
158 3793 321 3858 nonnulla
333 3815 409 3856 cum
423 3793 458 3858 P.
476 3793 627 3857 Ciaconio
646 3793 780 3857 homine
803 3792 985 3858 doctissimo
1011 3815 1098 3858 com-

47 3900 231 3982 municarat,
247 3921 323 3988 quae
335 3913 368 3962 et
379 3898 412 3960 in
422 3898 491 3963 Nic.
501 3897 595 3963 Fabri
602 3899 619 3962 J
621 3949 628 3963 .
637 3899 671 3963 C.
683 3899 844 3964 clarissimi
855 3915 984 3980 manus,
995 3900 1099 3963 Roma

46 4006 81 4068 ab
94 4009 192 4073 arnico
204 4008 320 4088 missa,
346 4021 575 4094 pervenerunt.
599 4005 677 4068 Mox
696 4004 911 4071 Tarraconem
934 4005 974 4068 ad
996 4004 1101 4068 omnis

48 4111 187 4180 doctrinae
199 4113 388 4205 principem
403 4113 476 4178 Ant.
492 4113 708 4200 Augustinum
725 4113 1002 4202 archiepiscopum
1015 4111 1099 4176 litte·
