2874 4796
287 419 351 510 tct
611 421 657 486 u.
684 416 826 484 anum
850 416 1027 484 SENECAE

286 564 337 616 est
356 547 488 640 aliquid
509 550 544 614 in
568 548 701 616 actione
724 571 783 618 eun
809 547 911 616 otioei‘
930 568 1016 614 eene.
1038 543 1139 612 Nulla
1157 569 1237 638 pars
1256 567 1351 630 erat,

285 689 360 756 quae
385 689 454 732 non
482 649 548 731 sua
569 666 693 733 virtute
712 680 828 732 staret.
849 647 945 732 Nihil
971 665 1006 730 in
1032 687 1100 755 quo
1119 663 1258 732 auditor
1282 669 1354 734 sine

286 782 432 850 damno¹
458 780 554 851 aliud
584 797 713 875 ageret.
741 779 866 850 Omnia
892 782 1021 849 intenta
1049 781 1166 871 aliquo
1190 785 1349 874 petentia.

284 900 392 965 Nemo
407 898 514 989 magio
533 897 570 963 in
589 919 647 963 eun
660 910 825 989 potestate
840 894 961 966 habuit
974 896 1186 966 audientium
1200 899 1353 968 affectus.

287 1015 414 1082 Verum
422 1027 473 1084 eet
482 1011 574 1105 quod
587 1011 629 1080 de
643 1009 792 1082 illodicit
803 1015 931 1083 Gauro
940 1013 1194 1104 noeter.Quum
1208 1015 1351 1096 diceret,

285 1152 401 1200 rerum
412 1131 639 1225 potiebatur²3
648 1129 733 1197 adeo
747 1153 864 1198 omnen
873 1132 1035 1223 imperata
1044 1131 1229 1199 faciebant.
1241 1131 1354 1224 Quum

286 1249 346 1317 ille
363 1249 534 1330 voluerat,
554 1247 801 1318 irascebantur.
818 1251 924 1318 Nemo
941 1273 1010 1322 nou
1024 1250 1083 1319 illo
1100 1249 1240 1320 dicente
1254 1255 1356 1322 time·

286 1362 363 1447 bat,
378 1387 422 1432 ne
435 1363 619 1432 detineret.
634 1364 710 1430 Non
721 1377 790 1445 eat,
809 1361 902 1453 quod
915 1362 1011 1430 illurn
1025 1387 1065 1431 cx
1078 1364 1133 1432 hio
1145 1389 1224 1456 quae
1236 1365 1355 1452 edidit,

287 1480 472 1551 oeetimetie.
491 1480 577 1548 Sunt
593 1477 733 1571 quidem
751 1493 785 1545 et
801 1477 873 1546 hmo
887 1478 1089 1574 quibusdam
1105 1497 1215 1573 gram.
1233 1485 1357 1552 Verum

288 1597 481 1690 eloquentia
504 1597 577 1690 ejus
594 1596 696 1690 longe
720 1596 829 1689 major
849 1611 923 1663 erat
940 1620 1040 1688 quam
1058 1596 1174 1666 lectio.
1194 1596 1279 1670 Non
1297 1599 1358 1669 boe

290 1738 332 1784 ea
346 1716 505 1808 portione
520 1713 570 1780 illi
587 1711 712 1780 accidit
727 1735 795 1803 qua
813 1712 969 1782 omnibue
986 1713 1076 1799 fere,
1095 1715 1223 1806 quibus
1241 1718 1359 1811 majori

290 1827 573 1898 commendationi
597 1845 648 1898 est
667 1826 779 1896 audiri
804 1853 905 1923 quam
926 1830 1017 1923 legi,
1042 1829 1102 1898 ced
1119 1833 1157 1898 in
1176 1833 1239 1901 illo
1260 1834 1359 1928 longe

290 1949 398 2042 majue
409 1945 593 2018 discrimen
605 1964 668 2016 cot.
682 1950 835 2018 Primum
849 1948 1058 2020 tantumdem
1072 1967 1145 2020 erat
1155 1952 1193 2020 in
1204 1951 1356 2036 bomine,

289 2079 453 2160 quantum
484 2067 520 2132 in
546 2065 685 2158 ingenio
703 2091 711 2133 ε
729 2067 880 2157 corporis
909 2064 1107 2159 magnitudo
1131 2061 1357 2162 ³conopicun‚

290 2180 436 2250 suavitas
460 2179 695 2247 valentissima
720 2181 825 2247 vocis.
846 2178 1011 2272 Quamvis
1029 2177 1209 2250 baec'inter
1231 2207 1268 2251 ee
1287 2207 1362 2252 raro

292 2313 434 2378 coeant,
454 2311 492 2363 nt
510 2295 627 2365 eadem
644 2319 709 2364 vox
734 2311 768 2364 et
792 2295 903 2365 dulcio
924 2297 968 2364 nit
991 2311 1025 2364 et
1050 2295 1170 2366 eolida.
1195 2301 1363 2369 Pronun-

291 2416 411 2500 tiatio,
437 2437 513 2507 que
541 2411 742 2483 histrionem
765 2430 877 2507 postet
904 2414 1115 2508 producere,
1143 2431 1256 2485 tamen
1283 2443 1361 2512 quae

290 2530 467 2601 histrionia
478 2545 592 2627 poeeet
603 2522 749 2599 videri⁴.
761 2531 832 2598 Nec
848 2531 885 2598 in
902 2529 961 2599 illo
976 2532 1161 2625 quidquam
1176 2535 1285 2629 magio
1295 2536 1365 2604 mi-

291 2723 346 2776 eep.
356 2702 565 2773 2,Quintilienne
575 2701 803 2776 minimaru-
841 2701 1011 2757 'audientinm
1027 2703 1192 2758 attentionem
1208 2718 1364 2772 mmm,

291 2781 451 2836 tulliennein
463 2781 643 2856 Apologetiec,
656 2779 822 2856 Charisius„
851 2793 949 2850 oportet
970 2781 1059 2834 dixitne
1084 2781 1199 2835 &telum
1226 2782 1364 2836 Severum.

293 2873 319 2917 et
330 2859 476 2915 Diomeden·
487 2863 524 2916 Ν.
537 2861 632 2914 Faber.
852 2859 919 2911 llam
935 2871 976 2923 nt,
997 2858 1057 2913 Hor
1071 2879 1135 2928 ege,
1155 2859 1271 2914 dioebent
1288 2861 1346 2915 illie
1358 2899 1367 2926 ,

330 2959 351 2992 ι.
366 2943 403 2994 In
424 2961 475 3012 quo
494 2941 603 2994 auditor
620 2942 678 2992 eine
696 2940 802 2993 damno.
850 2956 914 3008 qnos
923 2937 950 2990 in
960 2938 1036 2992 terrie
1044 2951 1151 2993 altentoe
1163 2951 1187 2992 et
1197 2940 1283 2992 mimo
1294 2959 1366 3014 pra·

291 3017 633 3072 Contrarinmimmoverum
641 3015 801 3080 essevoluut,
851 3029 932 3068 sentes
943 3015 1081 3084 volebant,
1097 3017 1132 3069 ite
1143 3019 1220 3069 atrior
1235 3035 1316 3088 ogere
1328 3033 1367 3072 eet

291 3099 319 3150 br
330 3113 443 3164 quonon
452 3096 576 3148 audttor:
586 3094 622 3147 eie
632 3093 724 3147 librum
732 3093 799 3148 ecri-
848 3115 902 3148 non
915 3095 1051 3148 attendere.
1066 3093 1217 3150 Grenoeebt.

291 3171 534 3248 ptumbebererboe
546 3173 801 3245 probare,quoeprer-
883 3195 905 3226 n.
923 3173 1026 3227 Rerum
1044 3176 1198 3242 portebatur.
1219 3175 1263 3229 Sic
1280 3176 1366 3229 um.

291 3253 400 3318 cedunt,
411 3269 468 3323 qun
477 3263 624 3322 sequuntur.
635 3250 664 3304 Si
674 3264 762 3305 temen
772 3271 801 3308 ee
850 3251 912 3306 Tree
924 3265 1009 3306 temen
1021 3251 1081 3306 libri
1093 3265 1153 3306 vett.
1167 3265 1191 3306 et
1199 3251 1368 3324 Frobregm

291 3331 409 3405 legerunt
423 3349 431 3386 t
443 3349 503 3382 nero
516 3349 569 3384 non
585 3328 737 3384 intellexiste
754 3329 802 3404 ipei
850 3331 967 3400 quodam
974 3330 1140 3398 potiebatur:
1150 3330 1367 3407 euodbiemgie

259 3454 261 3460 ,
292 3409 352 3464 ertit
370 3409 488 3464 clamatu.
511 3409 581 3462 Dicit
599 3407 668 3462 enim
685 3407 800 3471 Seuere,
850 3405 1050 3479 pbcecsctou.

292 3486 359 3546 nibil
376 3486 532 3560 superfluum
551 3485 627 3540 luieee
645 3487 673 3540 in
690 3486 802 3540 oratione
885 3484 909 3536 3.
939 3485 1057 3555 carpant
1078 3489 1231 3558 magnitudo
1257 3491 1368 3556 conspr·

292 3565 387 3631 cmii,
399 3563 466 3620 nibil
476 3563 508 3618 etl
520 3581 572 3616 rem
583 3583 637 3616 nou
649 3583 802 3636 magnopere
850 3581 910 3616 oua.
919 3563 987 3616 Huic
1001 3577 1086 3618 temen
1102 3564 1195 3618 celebri
1211 3565 1308 3618 oratori
1325 3585 1368 3618 er·

291 3645 429 3719 pertinent.
452 3643 539 3714 ltaque
560 3642 582 3698 ei
606 3643 647 3696 vol
665 3642 802 3698 minimum
851 3643 971 3696 menterii
982 3643 1147 3698 ttimittontr
1158 3643 1257 3716 objeete
1268 3643 1369 3698 simili-

293 3723 441 3780 eonnireret
452 3721 564 3786 auditor,
575 3721 597 3774 ei
613 3719 655 3774 vel
667 3721 802 3776 minimum
851 3721 913 3774 tudo
926 3734 970 3774 eet.
984 3719 1052 3774 Plio.
1064 3719 1109 3774 lib.
1120 3722 1186 3782 Vll,
1198 3741 1220 3773 o.
1233 3740 1271 3774 n.
1280 3721 1320 3773 Ν.
1331 3721 1369 3773 F.

293 3799 803 3872 tanquemelindtgene,neeanecultane
884 3799 908 3862 4.
931 3797 1032 3851 Tamen
1046 3817 1105 3867 qua
1122 3798 1257 3852 histrionis
1275 3809 1369 3867 pem

292 3881 470 3937 transmitteret
482 3917 490 3944 ,
501 3878 529 3932 id
543 3877 567 3930 ei
580 3878 654 3932 lnieee
667 3877 765 3940 fraudi,
780 3890 805 3932 et
852 3881 944 3934 raderi.
955 3879 1009 3932 Vox
1018 3879 1297 3951 tamnprmeedenteu
1307 3899 1367 3934 ere-

294 3956 625 4032 negleettmremeliquem
639 3957 804 4010 animadver-
852 3958 947 4010 tionem
970 3957 1097 4029 corrigere
1118 3957 1210 4020 debet,
1231 3957 1301 4026 qnod
1323 3957 1366 4010 bie

292 4038 364 4092 eione
381 4038 495 4110 dignam.
509 4035 537 4088 Si
553 4034 619 4088 nibil
631 4046 698 4098 eret,
712 4038 741 4085 in
752 4054 804 4102 qno
853 4052 904 4090 non
918 4037 977 4089 lecit
989 4048 1018 4088 ut
1028 4046 1165 4110 conceptus
1180 4051 1219 4090 eet
1229 4037 1309 4091 locut.
1321 4037 1368 4089 Vi-

291 4137 343 4170 mn
356 4117 466 4170 creditor
476 4117 554 4170 atiud
563 4126 668 4186 ageret,
682 4114 802 4170 frivolum
852 4116 889 4170 tio
908 4116 976 4170 euim
990 4115 1095 4170 vertitur
1112 4117 1206 4170 meteri
1222 4117 1249 4170 in
1264 4113 1365 4187 egendo

289 4195 355 4267 qnid,
370 4207 393 4248 et
409 4194 539 4268 ineptum,
555 4207 579 4248 et
597 4193 670 4264 qnod
686 4193 755 4248 nulle
775 4213 801 4248 re
852 4194 1027 4250 modulatione
1041 4195 1138 4252 eeenine
1156 4195 1210 4263 eti,
1230 4195 1300 4266 qnod
1317 4195 1366 4248 ci-
