2878 4816
310 390 372 456 152
596 445 598 454 ,
631 387 678 457 Μ.
705 391 848 460 ANNAEl
871 392 1048 462 SENECAE
1100 461 1104 470 .

306 496 483 602 ultimum,
504 517 589 586 utile
601 537 674 586 esse
687 515 901 611 reipublice,
919 533 973 586 ter
985 519 1104 589 fortem
1118 522 1273 605 serrari,
1284 535 1330 614 ut
1341 523 1383 592 sit

307 628 368 721 qui
381 625 577 700 ostendatur
590 628 762 720 juventuti
776 656 788 698 z
800 631 871 722 jem
895 629 990 700 illurn
1018 633 1123 726 magis
1143 657 1250 727 posse
1280 660 1383 706 orne·

306 757 457 813 mentum
475 767 548 814 esse
565 768 665 839 quem
684 742 892 839 presidium.

356 858 458 930 Illum
475 883 611 930 sensum
627 865 777 929 ‘veterem
793 887 801 928 :
817 863 890 929 lem
906 885 968 956 pro
981 864 1053 932 viro
1064 863 1144 934 forti
1157 867 1284 934 nescio
1301 865 1381 958 qnid

307 975 408 1043 etiam
434 976 488 1046 lex
511 977 628 1059 timet,
655 976 721 1045 hoc
744 975 819 1044 loco
835 978 1127 1072 Guneusposuit1.
1145 983 1226 1052 Hoc
1244 1002 1381 1074 quoque

308 1091 422 1184 inquit
437 1117 445 1159 ε
460 1095 532 1160 Ter
547 1091 620 1161 viro
638 1092 716 1160 forti
728 1106 786 1159 eut
798 1089 941 1176 diffidit,
958 1095 1184 1164 autconsulit.

354 1209 427 1276 Neo
451 1206 544 1276 illam
564 1206 702 1300 quidem
720 1209 827 1276 secuti
844 1224 921 1276 sunt
941 1211 1194 1293 tractationem,
1213 1234 1287 1304 qua
1304 1209 1381 1278 usus

307 1339 358 1394 est
373 1326 541 1406 Burnus,
559 1323 620 1416 qui
637 1323 721 1392 dixit
738 1351 745 1390 :
765 1323 889 1392 Militia
903 1323 965 1392 tibi
980 1348 1187 1418 supervacua
1201 1339 1278 1410 est,
1294 1325 1379 1392 inri-

308 1439 402 1509 diose
420 1454 492 1527 est,
510 1439 701 1534 periculosa
717 1457 779 1508 est.
802 1441 1017 1532 Supervacua
1035 1457 1110 1510 est:
1130 1444 1216 1535 quie
1235 1465 1309 1510 non
1323 1465 1379 1509 co-

308 1560 422 1650 geris,
448 1559 549 1626 immo
573 1554 951 1628 verecunde,vcteris².
974 1555 1100 1625 Glorioe
1126 1580 1234 1628 eausa
1257 1556 1377 1650 aliquis

308 1673 430 1743 militet
446 1688 670 1741 :consecutus
687 1695 723 1740 es
741 1672 895 1766 glorium.
912 1667 1104 1741 Vocetionis
1116 1696 1245 1742 musa:
1264 1694 1377 1741 eonse-

309 1804 406 1859 cutus
424 1809 461 1856 es
476 1788 663 1881 premium.
682 1788 766 1857 Trio
776 1787 867 1857 dorni
878 1788 1018 1881 premia
1038 1803 1129 1856 sunt.
1142 1792 1187 1856 Et
1199 1789 1255 1858 sic
1271 1804 1377 1856 truns-

308 1901 365 1984 iit,
382 1914 421 1967 nt
439 1897 589 1984 diceret,
609 1899 813 1968 invidiosum
830 1923 922 1984 esse,
940 1925 1044 1969 unum
1064 1901 1239 1969 hominem
1256 1899 1373 1969 totiens

223 2085 231 2105 ,
307 2031 425 2109 optare
446 2036 562 2083 ornnes
578 2016 723 2084 honores
737 2017 953 2110 intercipere.
978 2017 1090 2109 Quem
1113 2017 1309 2110 periculom
1323 2039 1371 2084 res

307 2144 395 2200 esset
407 2128 555 2217 invidie,
570 2155 669 2222 quem
685 2153 822 2224 magnos
833 2134 923 2202 viros
938 2134 1171 2227 oppressisset.
1186 2135 1255 2202 Hic
1266 2153 1371 2201 exem·

304 2243 374 2338 pls.
383 2242 610 2312 Periculosum
624 2267 697 2313 esse
710 2246 861 2314 militiam
869 2297 881 2333 ,
897 2246 1014 2316 eodem
1029 2246 1102 2316 loco
1115 2247 1269 2342 collegit.
1283 2241 1371 2324 illud
1421 2257 1423 2261 “

304 2384 410 2429 unum
424 2358 549 2452 adjecit
559 2358 601 2429 de
611 2360 699 2454 lege.
715 2363 791 2429 Non
805 2385 902 2457 posse
912 2363 1007 2432 illum
1019 2363 1090 2455 jem
1100 2364 1235 2432 fortiter
1246 2363 1366 2444 iecere,

305 2478 386 2570 quia
411 2501 525 2546 ornnes
543 2477 639 2548 illum
662 2479 775 2547 hostes
800 2494 979 2574 peterent:
999 2494 1032 2548 et
1051 2478 1200 2573 adjecit:
1221 2478 1302 2549 ideo
1317 2477 1367 2546 lex

306 2612 360 2664 ter
373 2595 494 2666 fortem
511 2595 652 2683 dimisit;
668 2597 732 2664 scit
745 2595 838 2664 illum
851 2597 923 2690 jem
937 2595 1109 2665 observari
1125 2596 1169 2664 ab
1183 2597 1296 2667 hoste.
1312 2593 1367 2662 llis

307 2733 391 2805 ergo
409 2711 561 2793 omissis,
578 2711 648 2793 illi,
665 2713 725 2803 qui
739 2729 905 2782 ementem
918 2729 1049 2807 petrem
1062 2710 1286 2796 induxerant,
1306 2707 1367 2776 lroc

308 2849 433 2920 genere
448 2842 593 2920 egerunt
609 2852 617 2893 :
636 2829 711 2894 Non
727 2851 863 2920 possum
879 2831 950 2924 peti
965 2855 972 2897 :
988 2853 1058 2898 non
1074 2851 1208 2923 possum
1235 2821 1368 2896 decide·

309 2941 397 3011 rium
414 2943 464 3011 tui
478 2943 657 3010 sustinere.

355 3055 429 3124 Hoc
437 3053 511 3122 loco
516 3049 702 3123 AEecnrrrs⁵
713 3079 753 3124 ex
761 3055 859 3129 bonis
868 3056 1148 3127 declamatoribus
1160 3079 1266 3150 quum
1278 3055 1364 3125 dice·

308 3181 373 3252 ret,
382 3169 457 3237 Non
465 3187 519 3236 me
530 3169 1006 3264 gloriecupidioremtuilecit,
1014 3196 1085 3241 non
1094 3167 1364 3244 omnibusedmi·

309 3283 415 3352 rende
426 3286 552 3373 virtus3
568 3287 776 3373 Confitebor,
791 3291 923 3381 inquit,
938 3289 1077 3358 allectus
1089 3292 1196 3383 petris
1203 3339 1214 3378 ,
1235 3309 1319 3382 qnos
1328 3295 1364 3348 ui

307 3399 560 3492 quisqucvolet,
573 3403 835 3496 interpretetur:
850 3400 971 3488 Ode-oe
979 3401 1018 3476 ἂν
1026 3403 1075 3476 καὶ
1086 3403 1196 3500 ἄτιμον
1207 3395 1361 3500 ‘epileu-

343 3613 364 3644 1.
380 3593 439 3648 Hoc
455 3595 509 3646 loco
523 3594 620 3647 Gallus
631 3599 728 3664 posuit.
742 3596 809 3649 Vide
892 3587 1360 3665 3.AEschtees,ttilesiue;snab.xlll·

307 3689 340 3722 ns
356 3669 493 3741 legendum
509 3670 540 3722 sit
558 3667 654 3724 Gallio.
667 3673 702 3726 Ν.
714 3671 810 3726 Faber.
891 3677 915 3742 ζ·
936 3676 1017 3738 οὕτως
1038 3675 1065 3729 dr
1085 3675 1122 3730 sel
1141 3677 1231 3744 ἄτιμον.
1247 3672 1358 3729 Selom

339 3767 363 3800 α.
373 3748 462 3800 dormo
471 3749 607 3802 concorde
617 3752 723 3803 vetoris.
732 3751 808 3816 Fuit,
859 3752 964 3825 pess'iroe
973 3769 980 3805 ι
989 3752 1077 3806 «Adeo
1084 3753 1265 3812 inhonoratum
1273 3745 1359 3814 dilige·

305 3828 380 3881 eredo
389 3863 397 3894 ,
407 3829 569 3889 verecundia,
584 3827 612 3880 id
629 3842 678 3892 est,
696 3830 808 3902 pudore,
857 3829 942 3883 banea
954 3831 1046 3885 Sensus
1055 3831 1146 3884 estella
1158 3830 1234 3884 etiem
1245 3847 1298 3882 non
1307 3823 1359 3876 lor·

304 3915 332 3957 nt
343 3925 402 3958 cum
413 3906 514 3959 Terent.
525 3903 625 3978 loquer,
637 3904 690 3958 sire
699 3920 813 3979 respectu
859 3919 911 3961 tem
923 3919 947 3961 et
959 3907 1116 3984 inglorium,
1133 3907 1211 3961 nullis
1226 3898 1358 3960 honoribus

305 3983 493 4050 petrinLiul,
505 3981 703 4052 deuoniarn
714 3985 811 4059 gemini
859 3995 902 4040 eut
922 3987 1031 4059 premiis
1050 3989 1168 4042 ellectum
1188 3985 1261 4041 illum
1281 3979 1357 4037 illlum

306 4075 399 4127 essent,
412 4075 458 4116 nee
469 4059 547 4116 etstb
559 4063 708 4117 verecundia
721 4063 811 4119 discri·
859 4065 1000 4140 diligerem.
1021 4059 1177 4142 Exprimitur
1197 4069 1300 4122 atsoeus
1316 4076 1356 4132 ΡΙ·

305 4137 681 4212 menieoerepossetsSchult.
859 4157 958 4200 rentum
983 4147 1129 4218 plerumque
1156 4164 1209 4200 non
1235 4141 1354 4216 optimos·
