2876 4804
364 321 409 392 32
682 317 818 388 ANDR.
845 317 1099 402 sertorum,

363 445 565 530 expiraturus
582 456 679 520 esset,
688 439 904 519 subductum,
919 456 957 504 ut
969 455 1085 504 auctor
1100 453 1147 504 est
1159 435 1222 504 Dio
1234 439 1293 505 lib.
1311 439 1406 506 LVI

362 549 571 614 centesimum
594 569 731 626 annum,
749 562 781 610 et
795 545 885 633 quod
896 546 1054 626 excurrit,
1067 547 1285 636 attigissequis
1294 549 1419 614 creda

363 657 462 742 Cujus
476 653 610 742 periculi
625 653 693 742 ipse
709 651 871 734 meminit,
883 651 940 716 sed
955 652 1172 736 subobscure,
1184 653 1280 718 Praef.
1310 654 1381 720 lib.
1401 657 1424 720 1

362 763 436 826 Nat.
449 761 566 842 Quaere
578 757 669 822 Idem
680 780 760 822 vero
769 758 858 846 epist
867 757 908 822 ad
915 758 1073 823 Lucilium
1088 759 1160 842 108,
1173 763 1190 838 S
1201 783 1253 842 aa,
1262 759 1319 848 (ut
1328 785 1436 826 ann.

363 890 436 932 rum
443 867 600 930 rationem
613 862 795 929 subducere
805 862 970 952 incipiam)
981 864 1026 928 sie
1044 863 1085 928 de
1098 863 1227 930 Iudaica
1241 866 1431 956 religione

363 1005 377 1032 ι
395 973 434 1036 ln
444 959 572 1054 Tiberii,
579 971 1053 1060 inquit,Caesarisp1ineipatum
1057 975 1346 1063 juventaetempus
1356 977 1398 1042 in
1411 1010 1428 1035 ω

365 1110 378 1135 ι
395 1078 485 1143 derat
499 1101 507 1143 :
523 1078 837 1167 alienigenarumque
848 1079 993 1167 gentium
1008 1101 1097 1144 sacra
1107 1080 1329 1146 movebantur
1352 1105 1365 1148 τ
1393 1118 1398 1123 »
1414 1116 1438 1143 ι,

365 1186 477 1250 «inter
513 1200 701 1274 argumenta
732 1184 965 1273 superstitionis
991 1185 1176 1274 ponebatur
1201 1190 1430 1274 quorumd.

365 1323 377 1348 κ
393 1292 592 1356 abstinentia.
602 1291 696 1356 Patre
712 1292 821 1380 itaque
831 1314 904 1356 meo
915 1307 1064 1380 rogante,
1077 1293 1134 1380 qui
1148 1315 1216 1357 non
1227 1293 1275 1358 cal
1327 1326 1333 1351 ι
1358 1298 1402 1355 ι’.
1424 1332 1430 1355 ,

366 1399 542 1480 «timebat,
561 1397 619 1463 sed
636 1398 873 1487 philosophiam
896 1396 1024 1479 oderat,
1043 1396 1083 1462 ad
1100 1400 1263 1488 pristinam
1286 1424 1438 1470 consu

366 1504 540 1570 «tudinem
551 1503 649 1587 redii,
665 1527 727 1570 nec
751 1503 923 1570 difficulter
945 1504 1040 1587 mihi,
1059 1521 1097 1570 ut
1115 1505 1293 1594 inciperem
1311 1511 1433 1577 meliu

366 1643 379 1669 a
394 1633 537 1691 coenare,
553 1612 718 1698 persuasit.
734 1641 747 1666 ν
763 1609 802 1674 Id
815 1633 895 1675 vero
914 1611 1034 1676 factum
1055 1611 1182 1677 Tacitus
1195 1629 1355 1680 extremo
1370 1620 1434 1684 An

365 1717 428 1781 nali
450 1715 595 1780 secundo
611 1715 645 1779 in
661 1714 780 1780 Tiberii
796 1732 922 1780 sextum
940 1739 1078 1797 annum,
1092 1717 1181 1782 urbis
1192 1741 1271 1783 vero
1285 1724 1405 1789 condi
1428 1758 1432 1781 ι

364 1823 680 1912 septingentesimum
690 1822 959 1912 septuagesimum
971 1823 1152 1888 secundum
1163 1826 1291 1908 retulit,
1317 1828 1376 1896 Μ,
1395 1833 1434 1897 Si

363 1929 455 2011 lano,
473 1929 508 1993 L.
523 1929 686 1994 Norbano*
701 1929 788 1994 Coss
812 1929 913 2017 Atqui
925 1930 996 1993 viva
1015 1930 1204 1996 Ciceronem
1220 1955 1307 1998 voce
1327 1934 1403 2003 dec
1424 1982 1438 1997 ..

364 2050 505 2100 mantem
526 2034 719 2098 declamator
745 2049 856 2098 noster
877 2033 990 2099 audire
1003 2057 1037 2099 se
1055 2037 1198 2124 potuisse
1211 2035 1382 2125 affirmat,
1432 2078 1438 2103 t

364 2140 418 2206 illo
429 2140 527 2224 atrio,
541 2141 654 2228 inquo
667 2139 750 2205 duos
761 2139 897 2231 grandes
905 2156 1108 2230 praetextatos
1121 2164 1231 2208 secum
1243 2139 1308 2210 dec
1328 2180 1361 2205 ⁴·
1394 2202 1397 2207 ,
1436 2186 1438 2205 ;

362 2247 471 2311 solitos
482 2247 525 2310 ait
538 2247 583 2311 M.
593 2247 736 2311 Tullius¹
752 2269 760 2311 :
773 2270 855 2336 quos
865 2247 1039 2312 Suetonius
1050 2248 1254 2337 Tranquillus
1263 2251 1428 2322 Hirtium

361 2353 532 2416 etPansam
541 2353 693 2416 nominat.
703 2353 817 2417 Cicero
825 2353 969 2418 verolib.
980 2352 1256 2442 IX,adPapirium
1265 2357 1434 2428 Paetum·

362 2489 374 2513 «ι
391 2457 549 2542 Hirtium,
563 2458 684 2546 inquit,
702 2473 735 2522 et
749 2458 951 2532 ¹Dolabellam
968 2457 1096 2525 dicendi
1110 2459 1281 2550 discipulos
1295 2465 1423 2534 habeo

321 2631 324 2638 Δ
363 2595 375 2620 ι
393 2563 541 2630 coenandi
551 2565 727 2655 magistros.
741 2565 828 2630 Puto
837 2566 923 2630 enim
936 2582 969 2629 te
981 2566 1105 2630 audisse
1116 2567 1188 2632 illos
1201 2569 1290 2658 apud
1306 2576 1431 2642 mede

360 2701 373 2727 κ
388 2671 564 2753 clamitare,
580 2694 632 2739 me
650 2669 737 2760 apud
751 2693 807 2736 eos
821 2673 981 2737 coenitare.
995 2703 1008 2728 »
1021 2673 1063 2737 Et
1074 2671 1176 2737 mox³
1189 2697 1197 2738 ε
1208 2706 1221 2731 ι
1235 2675 1288 2740 Tu
1307 2679 1391 2747 istic
1434 2716 1438 2739 ι

361 2808 374 2832 «ι
389 2777 563 2842 Hateriano
571 2781 645 2864 jure
658 2776 825 2858 delectato,
835 2799 896 2866 ego
903 2801 955 2842 me
962 2778 1015 2843 hic
1023 2779 1251 2846 Hirtiano.»Et
1257 2805 1434 2854 rursum

310 2915 312 2919 Α
363 2915 376 2939 ι
391 2883 536 2947 Veniunt
561 2883 617 2971 qui
637 2904 690 2946 me
704 2881 852 2965 audiant,
874 2885 963 2972 quasi
987 2884 1121 2951 doctum
1141 2887 1330 2973 hominem,
1356 2898 1423 2983 qu·

364 3021 377 3044 ι
392 2989 490 3076 paulo
500 3011 583 3071 sum,
596 3012 693 3076 quam
703 2989 771 3078 ipsi,
780 2983 916 3056 doctior.
929 3021 941 3048 ν
954 2992 1004 3056 De
1015 2991 1329 3061 hacconsuetudine
1339 3000 1407 3067 ide

362 3095 416 3159 lib.
425 3094 488 3159 Vll
504 3111 648 3160 extremo
660 3118 786 3178 earum,
800 3119 871 3186 quae
882 3097 920 3162 ad
934 3097 1101 3164 familiares
1117 3117 1206 3182 sunt,
1216 3101 1355 3190 epistola

362 3200 480 3266 scribit.
498 3201 540 3266 Et
557 3199 639 3266 filius
658 3202 727 3291 ipse
745 3203 856 3267 Tironi
867 3204 922 3269 lib.
934 3205 1028 3287 XVI,
1040 3206 1137 3294 patris
1159 3205 1258 3272 credo
1272 3217 1434 3304 exempl

361 3307 535 3372 incitatus:
564 3337 578 3364 ι
596 3307 823 3391 Declamitare,
854 3311 977 3398 inquit,
1009 3309 1095 3400 apud
1130 3314 1287 3397 Cassium,
1321 3341 1438 3406 grance

363 3443 377 3470 ι
394 3413 562 3496 constitui,
585 3415 681 3479 latine
695 3432 803 3492 autem
819 3415 906 3505 apud
919 3418 1056 3481 Brutum
1074 3420 1216 3485 exerceri
1228 3420 1315 3486 volo.
1329 3454 1344 3479 π
1366 3428 1416 3490 Sa
1437 3468 1438 3483 i

363 3519 439 3584 hinc
451 3522 637 3610 priusquam
649 3521 777 3606 abeam,
790 3522 870 3588 illud
882 3525 1008 3589 curiose
1022 3526 1259 3592 observandum
1273 3526 1379 3614 duxi,
1399 3560 1423 3600 u

406 3775 429 3812 r.
450 3759 512 3814 Lib.
526 3760 562 3815 de
576 3760 662 3816 Claris
674 3765 839 3823 oratoribus.

403 3874 429 3911 a.
451 3857 513 3911 Lib.
532 3875 571 3928 rx,
584 3877 627 3934 ep.
644 3860 686 3916 ιδ.

401 3953 428 4009 3.
451 3951 512 4009 Lib.
528 3972 570 4029 rx,
584 3975 625 4029 ep.
646 3977 689 4030 ¹7·
719 3968 730 3986 “

402 4057 427 4118 l.
450 4051 500 4128 Ep.
518 4071 563 4112 ao.
