2894 4784
374 426 675 496 suusouunuu
697 377 847 516 utun,
873 434 905 517 r..
1102 437 1169 530 ⁶⁵9

100 559 201 626 rint?
218 556 290 648 Qui
309 577 390 624 uero
405 557 441 622 in
460 555 571 624 merliu
588 579 646 641 se,
662 572 701 626 ut
715 558 921 652 praedicunt‚
942 562 1086 632 sutorum
1103 568 1167 633 mi-

97 695 179 739 sere
201 672 368 763 pignora,
397 669 525 737 natales
548 671 726 762 inquirunt
737 663 754 755 ‚⁵
769 689 804 741 et
825 675 935 767 primu·
956 671 1166 748 'mediorum

96 809 271 854 annorum
285 783 564 867 habentnunua,
585 811 652 880 quo
671 789 773 858 ierint
787 806 878 860 motu
889 790 1019 886 sidera,
1037 795 1071 862 in
1084 819 1169 886 quas

98 902 331 972 discurrerint
344 917 457 995 portes
472 923 480 966 t
494 918 657 982 contrane
669 906 761 974 Deus
773 905 917 975 steterit²
936 935 944 974 :
958 931 1002 977 an
1014 911 1168 1004 placidus

97 1019 271 1088 uffislserit
283 1009 356 1087 sol³
377 1045 384 1086 :
402 1042 445 1086 sn
459 1018 592 1112 plenam
607 1018 735 1106 lucem,
750 1045 795 1090 su
812 1019 911 1092 initio
929 1028 1097 1116 surgentis
1110 1051 1169 1098 uo-

98 1137 259 1230 ceperint
275 1162 284 1204 :
300 1158 343 1203 un
357 1133 527 1204 abdiderit
548 1137 584 1204 in
605 1153 737 1205 noctem
755 1128 936 1208 obscurum
950 1156 1050 1234 caput
1064 1140 1167 1212 luna:

97 1256 270 1324 saturnus
285 1244 500 1339 nascentem⁴
508 1302 519 1337 ‚
540 1277 584 1320 an
596 1253 642 1321 sd
660 1253 748 1322 bella
765 1257 857 1324 Mars
870 1255 1010 1326 militem
1018 1305 1030 1342 ,
1046 1283 1092 1326 un
1106 1283 1169 1330 ne-

100 1371 274 1464 gotiosum
302 1371 339 1436 in
363 1383 511 1460 quaestus
536 1371 727 1438 Mercurius
753 1369 955 1464 exceperit:
978 1394 1022 1440 un
1045 1374 1170 1444 Mandu

98 1488 265 1556 annuerit
280 1487 432 1554 nascenti
447 1487 574 1568 Venus,
590 1508 634 1553 un
646 1509 687 1554 ex
699 1486 819 1555 humili
832 1487 869 1556 in
882 1487 1025 1556 sublime
1037 1491 1171 1584 Jupiter

99 1603 222 1672 tulerit
251 1629 258 1668 :
283 1601 472 1688 existimant
494 1616 543 1670 tot
565 1603 657 1670 eires
678 1627 782 1672 unum
804 1621 907 1697 ceput
928 1605 1170 1678 tumultuantes
1200 1607 1214 1720 Ι
1279 1597 1282 1604 ’

99 1717 240 1794 Deos⁵i
256 1725 387 1792 Futura
399 1754 401 1760 ·
412 1723 583 1792 nuntiant.
612 1721 795 1814 Plerosque
813 1723 929 1794 disere
948 1727 1098 1798 victuros
1112 1754 1121 1796 s
1136 1745 1172 1796 et

101 1839 195 1912 nihil
211 1855 399 1908 metuentes
419 1839 587 1933 oppressit
604 1833 709 1907 diesl.
732 1838 820 1908 Aliis
831 1838 958 1910 dedere
974 1842 1076 1912 linem
1089 1865 1171 1936 puo-

101 1957 272 2050 pinq'uum
297 1972 364 2036 :ut
383 1957 440 2042 illi
463 1956 675 2048 superfuere.
698 1959 846 2047 Egentes
868 1956 999 2027 inutilis
1024 1959 1167 2043 enimse,
1205 1957 1208 1970 '

102 2073 221 2142 felices
247 2071 463 2144 nssoentibtts
485 2071 896 2166 annosepoponderunt:
913 2090 948 2143 at
973 2075 1108 2144 lurtum
1133 2076 1169 2145 in

102 2213 239 2256 omnem
259 2189 456 2281 properavit
482 2186 662 2278 injuriam3
687 2188 824 2256 incertae
847 2192 936 2258 enim
955 2193 1055 2259 sortis
1077 2193 1170 2261 vivi-
1217 2209 1221 2216 '

102 2325 180 2370 mus
195 2327 203 2369 ε
219 2302 404 2392 unicuique
419 2301 479 2368 istu
493 2323 556 2391 pro
568 2300 706 2391 ingenio
717 2301 908 2394 finguntur,
920 2327 988 2372 non
1002 2329 1042 2372 ex
1054 2306 1169 2375 seien-

101 2469 152 2522 bus
164 2466 277 2541 praediti',
289 2465 470 2536 tanusmtelo
482 2463 573 2518 muniti
587 2477 612 2518 et
658 2483 712 2517 non
724 2486 770 2538 pro
787 2467 894 2520 numine
908 2467 1016 2540 gentiles
1028 2469 1168 2524 coluerunt.

100 2548 167 2603 certi
180 2547 297 2601 adversus
318 2544 421 2617 injurias
438 2545 548 2597 ianuam
559 2561 611 2595 esse
659 2541 763 2598 Sonuit.

100 2643 244 2700 possumus.
256 2624 315 2692 Qus
324 2640 397 2675 sensa
407 2632 486 2674 artem
496 2632 520 2672 et
528 2619 610 2693 seien7
691 2622 714 2672 3.
727 2622 774 2673 Aa
782 2622 904 2688 piaes‘dus
913 2621 1047 2694 affulserit
1060 2627 1108 2677 sol.
1117 2626 1168 2676 Ve-

101 2705 166 2758 tiasn
178 2703 277 2777 pignori
292 2701 392 2754 videtur
405 2716 574 2772 comparasse,
587 2709 612 2749 et
659 2708 717 2750 neta
734 2697 888 2770 :effulserit
899 2702 938 2754 lta
950 2714 975 2754 et
984 2700 1011 2754 in
1023 2701 1100 2755 Frob.
1115 2723 1167 2757 esss

103 2802 151 2856 pro
160 2781 191 2834 iis
201 2780 319 2853 posuisse.
331 2779 429 2832 Eadem
442 2777 541 2850 origine
552 2793 612 2828 mox
658 2776 726 2830 testis
733 2777 865 2833 Sehottus:
875 2780 944 2850 quod
952 2799 1005 2833 non
1012 2781 1085 2833 iseile
1094 2781 1167 2834 danu-
1283 2824 1285 2830 ,

98 2853 610 2928 satorumpiffnarutlsemutsuoest,sivs
659 2876 726 2909 nem.
751 2858 783 2909 ln
808 2857 987 2929 conjunctione
1015 2860 1166 2932 intelligitur

103 2937 308 2992 constellationes
327 2933 457 3008 geniture.
473 2933 610 2987 Schult—
659 2933 736 2986 luisse
753 2933 805 2996 sol,
820 2946 895 3006 utque
913 2935 974 2988 inde
993 2955 1050 2988 suos
1071 2939 1164 2990 iniisse

101 3015 185 3086 Quis,
199 3032 254 3084 quus
265 3013 369 3085 quidem
378 3011 562 3082 astrologorum
574 3022 612 3062 est
658 3009 873 3081 splendidissimos
881 3011 990 3066 siderum
1000 3014 1116 3068 omnium
1125 3034 1166 3071 rs-

102 3093 240 3156 sententiu,
249 3111 295 3164 per
304 3092 352 3143 ists
363 3092 394 3143 de
405 3088 476 3150 istis,
486 3105 611 3158 quecum-
660 3088 723 3140 (lios.
734 3088 832 3144 stituit.

102 3191 154 3242 que
168 3181 285 3222 eventura
296 3179 356 3222 sunt
368 3165 440 3218 nuliis
453 3164 564 3218 secunda
575 3174 611 3215 at·
693 3164 859 3243 4.Satumus
869 3165 1163 3237 nascentem.Nihilhic‚
1238 3217 1240 3220 .

101 3267 153 3320 que
166 3245 286 3310 sineru,
300 3244 361 3297 certi
372 3261 466 3297 sumus.
659 3243 727 3314 qnod
746 3243 808 3297 olim
828 3246 939 3309 credili,
962 3246 1043 3309 deest,
1063 3257 1164 3300 suetore

33 3367 38 3380 .
139 3343 161 3376 ι.
172 3324 326 3378 mediorum.
334 3323 447 3374 Venetus
456 3318 548 3390 aliique
558 3337 610 3372 me·
659 3343 790 3394 umquem
802 3323 891 3397 saepius
905 3324 992 3392 laudo,
1005 3324 1163 3379 Ceramni.

100 3408 211 3464 Ιίονυηι,
225 3401 293 3472 quod
310 3399 376 3452 mihi
393 3399 459 3452 viam
474 3398 506 3450 sd
522 3415 610 3449 uerum
658 3399 762 3474 optimo.
782 3401 824 3453 De
844 3401 1008 3473 planetarum¹
1020 3402 1046 3456 vi
1064 3403 1090 3454 in
1110 3402 1164 3457 hee

101 3477 320 3551 {osnig-udum,
337 3477 373 3530 sit
383 3475 514 3539 Sebottns,
528 3485 611 3527 oslen-
657 3498 761 3550 corpora
774 3478 911 3546 iniurium,
928 3480 1063 3545 Manilius,
1079 3481 1165 3534 Julius

102 3557 144 3610 dit
154 3555 264 3608 :seilicet
274 3558 440 3624 reliquorum·
656 3555 799 3619 Firmieus,
813 3557 903 3611 Cicero
916 3559 943 3612 in
953 3559 1054 3611 somnio
1064 3559 1166 3631 Scipio·-

135 3655 159 3686 α.
168 3633 292 3687 Contrane
298 3635 362 3686 deus
368 3634 471 3686 steterit.
478 3630 609 3700 Suspicor:
657 3633 697 3686 nis
710 3647 735 3687 et
747 3634 798 3687 ulii·
813 3634 916 3688 Salsatt.

105 3713 232 3767 Cottttune
251 3713 326 3776 teos,
346 3711 364 3764 i.
383 3707 472 3762 siden·
488 3707 523 3759 Ut
535 3706 611 3758 fiterit
691 3715 713 3764 5.
723 3711 894 3766 Existimant
907 3717 1020 3766 totcirca
1031 3733 1166 3766 unumca·

103 3783 610 3861 Solinoppositione3paulosntetussur
655 3800 704 3857 put
723 3793 910 3844 tumultuantes
929 3789 1007 3843 Deos.
1029 3789 1092 3860 Legi
1111 3793 1165 3842 vult

102 3865 310 3919 nonsbinfsntis
319 3883 403 3918 suum
413 3860 526 3916 usturam
539 3862 610 3914 ‹leos-
659 3867 833 3941 Schulsingius
846 3881 874 3920 ut
886 3867 969 3920 omnis
985 3866 1085 3919 tollatur
1099 3861 1167 3917 titt·-

102 3961 151 4017 que
159 3964 209 4016 qus
219 3943 279 3997 lieet
288 3940 411 4014 visimus?
419 3959 497 4012 quum
512 3951 611 4012 pateant
660 3945 748 4013 cultus,
759 3967 804 4019 pro
814 3945 853 3997 his
863 3945 907 3998 illa
919 3947 1121 3997 :existimatisne
1131 3955 1168 3996 tos

101 4025 175 4078 nubis
185 4026 282 4088 sidera,
299 4037 323 4076 et
334 4025 452 4077 interesse
463 4022 612 4076 numinibus
659 4025 728 4077 cirta
740 4043 820 4075 unum
839 4031 917 4092 capiri
932 4021 1089 4074 tumultuari
1105 4021 1165 4074 oleos

102 4105 205 4156 lieest»
230 4102 311 4154 Psulu
339 4113 394 4174 post
420 4101 496 4156 etism
520 4100 612 4174 plene·
652 4101 750 4172 sutura
761 4099 932 4153 nuntiantes?
991 4132 995 4140 ·

102 4195 138 4234 tss
159 4183 219 4235 deos
239 4179 347 4253 sppsllst
363 4195 370 4232 t
387 4198 495 4250 quorum
514 4179 611 4232 nullum
696 4177 720 4230 6.
735 4179 872 4248 Oppressit
883 4175 1088 4230 dienltal'lnrus
1100 4179 1168 4228 diem
