2876 4804
359 347 404 416 28
671 347 807 416 ANDR.
835 345 1087 428 SCHO'ITUS,

357 470 451 532 nibus
468 468 709 556 perniciemque
732 467 850 533 afferre
871 467 968 549 solet,
988 467 1085 556 longe
1111 470 1236 555 majoris
1255 470 1305 533 his
1326 469 1426 536 libris

356 577 521 659 calamitati
538 577 600 640 fuit
616 599 625 642 :
641 578 758 640 amissis
783 577 930 666 pluribus
954 578 1005 643 rel
1027 579 1180 666 temporis
1201 580 1333 666 injuria,
1361 583 1423 644 vel

356 687 513 769 majorum
524 684 648 747 incuria
662 684 895 776 Controversiis
908 707 917 748 τ
930 707 1029 774 graeca
1043 707 1122 749 vero
1134 701 1227 750 acute
1239 685 1333 768 dicta,
1343 689 1423 774 qui·

355 790 417 853 bus
438 811 475 853 ea
493 790 581 853 natio
598 791 717 854 caeteris
733 790 883 855 omnibus
896 813 1023 880 semper
1039 791 1235 874 antecelluit,
1250 791 1342 880 quod
1364 817 1422 857 se-

356 896 478 983 quioris
492 897 550 960 aevi
565 897 743 985 ignorantia
760 897 839 986 legi,
858 913 890 961 et
906 897 1038 986 intelligi
1053 919 1090 962 ea
1105 919 1172 962 non
1192 914 1341 987 possent,
1364 916 1425 964 tot

338 1031 341 1040 ·
355 1018 506 1090 tantaque
520 1004 701 1090 perierunt3
721 1003 774 1067 vix
789 1019 827 1067 ut
840 1005 995 1068 hactenus
1012 1005 1182 1092 pristinum
1202 1004 1299 1070 decus
1318 1006 1422 1088 libri,

356 1111 551 1197 caeteroquin
570 1109 757 1174 eruditionis
768 1109 872 1200 pleni,
885 1113 969 1175 tueri
984 1111 1314 1199 potuerint,hiatibus
1326 1111 1425 1176 deni-

355 1237 420 1303 que
430 1239 468 1282 ac
481 1216 552 1280 labe
564 1214 741 1299 deformes,
753 1216 925 1306 plerosque
938 1217 1065 1282 dicendi
1076 1216 1236 1282 studiosos
1244 1218 1422 1283 alectione

356 1321 581 1388 deterruerint.
615 1324 730 1410 Cujus,
760 1339 913 1412 tanquam
943 1324 1056 1410 vitium
1087 1321 1233 1388 ducentis
1266 1325 1422 1413 parietis,

355 1428 503 1519 adeoque
513 1423 640 1496 ruinam
652 1430 800 1494 minantis
810 1429 943 1513 aedificii,
952 1451 1055 1517 quum
1064 1451 1117 1494 me
1125 1445 1271 1520 aspectus
1279 1429 1323 1494 ad
1330 1454 1425 1494 com·

355 1536 591 1602 miserationem
621 1537 862 1617 commovisset,
893 1536 1165 1624 qualemcumque
1193 1559 1289 1626 opem
1316 1537 1421 1618 rutis,

355 1644 456 1725 caesis,
479 1642 602 1725 studio,
632 1641 858 1731 diligentiaque
884 1642 1003 1706 afferre
1028 1657 1163 1715 conatus
1185 1665 1265 1708 sum.
1296 1641 1422 1708 Fulcra

354 1749 470 1837 igitur,
485 1764 518 1812 et
532 1746 668 1812 sublicas
680 1768 861 1836 apponere,
874 1762 907 1811 et
917 1747 1037 1812 hiantia
1047 1747 1119 1812 loca
1128 1748 1254 1837 explere
1265 1747 1307 1813 de
1322 1749 1421 1813 libra-

356 1855 481 1918 riorum
489 1853 713 1942 imperitorum
723 1853 834 1917 litteris
845 1852 980 1942 gothicis
991 1855 1098 1944 potius
1107 1867 1203 1942 quam
1215 1855 1334 1944 graecis,
1344 1871 1419 1919 ten·

357 1960 436 2042 tari,
450 1975 614 2048 praeeunte
627 1975 659 2024 et
672 1961 823 2024 hortante
842 1959 979 2024 maxime
1000 1960 1122 2026 Anton.
1137 1961 1370 2026 CovarruviaJ.
1382 1963 1418 2026 C.

358 2066 509 2156 singulari
523 2082 555 2131 et
568 2065 765 2130 humanitate
777 2081 809 2130 et
825 2065 971 2130 doctrina
980 2065 1132 2154 praedito,
1149 2068 1204 2156 qui
1215 2068 1293 2158 mihi
1304 2089 1421 2154 perve

358 2187 461 2236 terem
471 2171 591 2237 librum
598 2172 695 2262 longe
704 2173 862 2260 optimum
872 2173 962 2237 hono
971 2171 1101 2260 publico
1110 2171 1247 2236 libenter
1253 2171 1420 2237 utendum

359 2277 448 2342 dedit
464 2293 558 2366 :post
576 2279 670 2343 etiarn
681 2277 821 2344 donavit.
834 2279 1093 2369 ,Inspexeratque
1107 2293 1200 2343 antea
1214 2277 1283 2343 Pet.
1302 2279 1420 2343 Ciaco·

356 2385 432 2468 nius
448 2383 641 2468 Toletanus,
656 2385 758 2450 homo
779 2383 978 2450 doctissimus
996 2408 1005 2450 :
1024 2407 1124 2472 aquo
1145 2401 1176 2449 et
1193 2407 1294 2474 pauca
1313 2407 1421 2474 graeca

359 2488 435 2553 inde
459 2506 566 2572 eruta,
588 2506 620 2555 et
639 2515 715 2556 cum
737 2492 869 2556 eruditis
882 2489 978 2556 Gallis
996 2491 1108 2555 Romae
1127 2491 1364 2555 communicata
1384 2492 1420 2555 in

360 2617 473 2662 manus
486 2596 557 2663 Nic.
576 2596 671 2663 Fabri
686 2597 713 2663 J.
724 2597 759 2662 C.
780 2596 952 2663 ‹loctlssimi
970 2612 1134 2661 venerant.
1154 2595 1269 2683 Inquo
1281 2596 1421 2683 quidem

360 2726 437 2767 curn
459 2702 512 2783 iis,
536 2703 591 2790 qui
611 2704 767 2768 hactenus
787 2704 821 2766 in
840 2701 956 2791 vulgus
975 2700 1050 2766 editi
1066 2717 1157 2782 sunt,
1178 2695 1419 2791 comparando,

360 2833 437 2874 mox
460 2826 492 2873 et
513 2831 589 2873 curn
603 2806 906 2897 Augustodunensi,
929 2831 966 2872 ac
983 2809 1137 2897 Brugensi
1158 2807 1421 2896 exernplaribus,

361 2937 433 3006 quae
450 2916 628 2978 amicorum
643 2912 801 2978 beneficio
819 2929 932 2978 nactus
946 2937 1062 2996 essem,
1079 2913 1234 2978 Vaticano
1251 2914 1328 2977 item
1349 2937 1421 2979 me-

289 3059 292 3068 *
359 3021 447 3086 lioris
458 3037 542 3085 note
557 3019 805 3102 committenda,
818 3036 973 3108 quantum
986 3021 1064 3084 mihi
1075 3018 1159 3084 taedii
1175 3019 1421 3084 absorbendum

359 3128 473 3212 suerit,
483 3127 575 3192 facile
590 3127 783 3217 intelligent,
800 3129 904 3216 quiin
919 3127 1029 3193 eadem
1037 3127 1098 3216 ipsi
1108 3143 1233 3193 veteres
1244 3128 1422 3216 scriptores

360 3233 552 3299 emendandi
566 3234 708 3324 palestra
721 3234 841 3298 utiliter
857 3233 1030 3324 aliquando
1045 3233 1258 3315 desudarunt3
1275 3255 1360 3324 quos
1377 3247 1436 3300 eo=

359 3341 439 3405 mihi
454 3342 611 3430 aequiores
620 3389 628 3422 ,
638 3339 806 3429 siquando
819 3361 872 3404 me
883 3340 1002 3429 fugerit
1014 3341 1094 3405 ratio
1103 3340 1115 3429 (
1120 3342 1220 3405 homo
1231 3340 1316 3404 enim
1324 3341 1422 3427 sum)

360 3447 404 3510 ob
419 3445 649 3512 benemerendi
664 3445 822 3529 studium,
843 3446 915 3511 fore
938 3446 1077 3512 confido.
1103 3447 1191 3529 Quas
1211 3444 1345 3534 quidem
1364 3469 1423 3511 va·

360 3551 478 3616 riantes
496 3553 683 3642 scripturas,
703 3551 744 3616 dc
767 3568 907 3640 quatuor
920 3553 1082 3617 veteribus
1093 3550 1423 3635 librismembraneis,

360 3655 561 3747 totidemque
572 3659 681 3748 primis
693 3657 902 3741 editionibus,
924 3675 956 3723 et
978 3662 1182 3745 conjectanea
1201 3680 1268 3722 non
1282 3659 1423 3747 margini

361 3764 580 3853 appinximus,
595 3787 637 3828 ne
650 3764 830 3856 legentibus
842 3764 1073 3854 impedimento
1088 3773 1207 3847 essent,
1219 3763 1318 3829 sedin
1333 3788 1424 3830 conr·

362 3871 554 3935 mentsuium
568 3870 609 3936 ad
617 3870 737 3936 calcem
744 3871 911 3958 rejecimus
920 3881 942 3954 ¹,
956 3872 1179 3959 librorumque
1191 3887 1424 3936 accontrover-

364 3977 483 4041 siarum
497 3977 685 4042 divisionem
698 3979 740 4042 ab
753 3977 865 4042 iisdem
880 3977 1061 4059 codicibus,
1074 4001 1140 4044 non
1153 4003 1171 4044 a
1186 3978 1425 4043 recentioribus

406 4115 430 4150 ι.
452 4096 509 4156 Nos
524 4113 586 4152 vero
598 4116 647 4153 suo
662 4115 772 4170 queque
783 4097 844 4153 loto
859 4099 1034 4170 reposuimus.
1049 4095 1100 4150 En.
