2878 4816
311 401 375 468 232
636 399 683 463 M.
710 395 853 464 ANNAEi
877 397 1059 464 SENECAE

310 531 313 538 ’
357 540 457 606 Hunc
473 556 609 602 sensum
625 533 700 626 ipse
713 533 850 602 cusum·
868 553 950 600 sano
962 515 1094 624 genere
1113 532 1212 604 dixit.
1229 536 1373 605 Flavium

308 652 436 724 Alfium
448 648 637 720 auditorem
652 673 765 732 suum,
785 650 845 742 qni
863 647 1015 718 eumdem
1028 673 1107 719 rem
1120 651 1278 722 lascivius
1290 653 1373 722 dixe-

309 786 380 856 rat,
399 769 606 862 objurgavit.

357 885 498 953 Fusvrus
516 881 582 952 hoc
600 881 700 952 modo
718 881 816 965 dixit,
830 905 935 973 quum
947 880 1122 950 desideria
1136 881 1368 976 descripsisset,

309 998 472 1095 paulatim
490 1021 527 1068 sc
543 997 588 1066 ad
606 997 832 1088 frugalitatem
855 995 1009 1080 redisse,
1031 1014 1067 1067 et
1085 977 1168 1068 odie
1188 999 1253 1067 sibi
1267 999 1371 1068 sitium

309 1115 447 1184 iactum.
469 1117 543 1184 Hoc
559 1114 646 1199 iuit,
664 1115 798 1206 inquit,
821 1136 928 1206 quare
942 1113 1153 1183 desinerem.
1168 1113 1368 1194 Sentiebsm,

309 1232 443 1325 iuquit,
466 1255 519 1300 me
536 1255 650 1300 senem
668 1231 759 1298 fieri.
781 1234 785 1245 '

357 1349 491 1418 Cusrtus
508 1348 576 1416 hoc
603 1345 717 1416 siebat
742 1345 876 1416 dulcius
893 1345 1032 1438 quidem
1043 1352 1070 1432 ¹,
1089 1349 1153 1416 sed
1179 1347 1326 1440 eorrupit
1342 1359 1370 1411 et

309 1487 411 1534 unum
424 1464 639 1534 senteutiam.
656 1462 863 1535 Incredibile
879 1479 952 1548 est,
967 1465 1106 1556 inquit,
1133 1487 1238 1556 quum
1248 1460 1369 1555 juvenis

308 1582 376 1666 sit,
405 1583 548 1651 sensisse
575 1604 611 1649 se
629 1603 743 1648 senem
762 1581 839 1649 fieri
860 1609 869 1666 3
892 1596 926 1649 et
940 1580 1092 1650 voluisse
1111 1580 1225 1650 videri
1241 1595 1304 1649 tam
1319 1577 1369 1646 diu

307 1695 531 1778 luxuriatum,
553 1694 661 1763 donec
677 1693 818 1763 sentiret
834 1717 870 1762 se
888 1717 1004 1762 senem
1019 1695 1113 1764 fieri.

356 1813 477 1880 Fuscus
492 1809 655 1878 Aasnnrus
673 1808 759 1878 dixit
782 1837 789 1876 :
810 1812 885 1878 Non
904 1826 1126 1879 accusaturus
1144 1824 1292 1903 patrem,
1317 1801 1366 1874 sed

273 1975 282 1986 ,
309 1949 364 1996 me
376 1923 578 1996 defensurus
590 1951 682 2008 sum,
699 1949 743 1995 ne
755 1927 867 1995 aliena
879 1926 1014 1996 luxuria
1027 1951 1105 1995 mes
1117 1926 1274 1994 laudatio.
1290 1925 1366 1992 Con·

309 2041 386 2111 silio
404 2042 631 2111 luxuriantem
647 2043 758 2114 filium
775 2044 876 2112 istum
893 2042 1050 2112 emendo.
1071 2045 1316 2137 Supervacuum
1334 2036 1363 2102 in

308 2159 503 2228 narratione
513 2159 607 2228 hunc
622 2148 769 2228 colorem
778 2158 929 2228 habuit²z
946 2157 1057 2230 subito
1073 2160 1192 2228 furore
1205 2155 1362 2247 collapsam

308 2275 399 2368 putri
415 2292 584 2361 mentem,
608 2277 824 2344 meretricem
845 2272 1096 2367 dependentem
1117 2274 1205 2342 coilo
1220 2271 1318 2350 senis,
1335 2281 1362 2332 et

308 2391 531 2486 parasitorum
543 2391 782 2460 circumfusam
796 2384 893 2482 regi³
909 2391 1061 2472 turbam,
1079 2405 1206 2472 etcum
1220 2381 1361 2456 rivalibus

306 2507 417 2590 risus,
437 2521 472 2574 et
490 2505 646 2574 ebrietati
664 2522 836 2575 nocturum
855 2504 1007 2573 additum
1025 2504 1132 2573 diem.
1151 2502 1267 2572 Putaui
1281 2495 1362 2566 initio

307 2637 343 2690 et
361 2646 427 2716 ego
445 2622 624 2691 consilium
643 2645 736 2703 esse,
759 2645 830 2688 non
847 2621 1020 2708 morbum3
1037 2621 1172 2690 desinet
1192 2611 1358 2687 luxuriari:

308 2739 461 2826 desinet,
480 2740 619 2832 inquam
628 2788 639 2825 ,
659 2740 687 2806 si
702 2753 844 2833 'propter
863 2761 917 2805 me
934 2739 1050 2831 coepit.
1069 2743 1250 2809 Permanet
1264 2736 1297 2800 in
1312 2730 1362 2821 ju-

189 2917 195 2928 .
307 2852 477 2922 senilibus
499 2852 591 2920 vitiis
613 2879 620 2918 ε
642 2850 709 2919 hoc
737 2851 870 2944 turpius
895 2850 1108 2938 luxuriosus,
1140 2875 1207 2945 quo
1235 2844 1358 2916 diutius.

308 2964 405 3058 Quid
423 2965 568 3034 faciam?
585 2965 614 3032 si
632 2988 691 3032 suu
709 2987 804 3033 more
821 2965 1004 3036 emendare
1021 2981 1154 3063 patrem
1174 2963 1263 3047 velo,
1280 2958 1360 3024 iuxu-

310 3081 466 3152 riandum
486 3099 551 3151 est.
601 3145 607 3154 .

357 3203 435 3271 Suo
452 3203 618 3269 Pournrus
637 3215 816 3295 patronum
834 3200 1039 3272 adolescenti
1057 3202 1178 3290 dedit3
1200 3193 1285 3292 quod
1300 3209 1355 3258 110ss

308 3373 365 3434 bat.
378 3389 420 3424 me
432 3389 484 3424 uon
496 3373 599 3424 discere.
612 3372 720 3424 Sensum
731 3369 819 3432 babes,
870 3371 905 3425 tie
913 3371 988 3425 Cestii
996 3373 1097 3448 propius
1108 3369 1250 3448 exprimitur
1259 3382 1270 3414 a
1279 3359 1357 3412 senen

307 3447 330 3501 si
345 3447 415 3520 legas
431 3463 438 3500 τ
457 3448 514 3502 tua
528 3469 588 3518 quoe
596 3449 747 3516 [aiebam.
765 3451 822 3500 im·
870 3449 917 3518 iis,
931 3469 988 3520 quae
1001 3463 1149 3520 sequuntur.
1165 3445 1260 3502 setus

306 3525 598 3596 probabatss'ndepotui
605 3529 708 3580 discere.
717 3527 820 3578 Terent.
903 3549 926 3580 s.
953 3527 1147 3598 Supervacuum
1177 3529 1205 3579 in
1229 3513 1358 3574 nemetim

307 3603 416 3677 Adelph.
430 3606 445 3658 5
457 3643 465 3672 ,
479 3604 508 3670 3,
528 3605 560 3671 48
571 3623 579 3658 t
590 3627 603 3652 α
616 3603 766 3658 Attentiores
782 3625 821 3658 sn·
868 3603 935 3658 dunc
947 3610 1057 3659 colorem
1069 3606 1168 3659 habuit.
1179 3597 1258 3654 Nimis
1265 3613 1291 3646 ex
1298 3587 1356 3672 tbssff·

307 3699 364 3734 mus
383 3681 415 3734 ad
432 3678 486 3734 rem
500 3701 603 3748 omnes,
618 3701 694 3752 quern
712 3695 749 3734 set
768 3693 820 3736 est:
869 3695 928 3754 pto,
945 3703 1027 3755 neque
1037 3703 1052 3736 ι
1064 3683 1162 3737 Seneca
1177 3681 1210 3733 ite
1229 3671 1300 3749 posits
1312 3679 1356 3734 ψ’

306 3759 376 3830 quud
387 3759 446 3813 illos
456 3772 493 3812 set
508 3771 567 3813 aetss
580 3773 658 3812 senet
668 3779 681 3805 s
693 3758 793 3812 Schult.
870 3761 1035 3814 existimaret:
1047 3761 1097 3815 nisi
1107 3758 1258 3816 simillimum
1268 3765 1317 3800 mot
1325 3757 1356 3792 Μ’

342 3857 364 3892 ι.
379 3841 481 3894 Cestius-
492 3839 538 3892 buc
547 3838 636 3890 aiebat
647 3839 749 3889 dulcius
761 3839 820 3906 qui·
870 3853 980 3892 curreret
995 3840 1023 3892 in
1035 3840 1078 3905 iis,
1089 3859 1146 3912 ques
1156 3835 1217 3890 dixit
1225 3825 1306 3882 Vibius
1316 3820 1356 3871 Ru·

307 3919 375 3970 dem.
391 3917 440 3972 His
455 3915 730 3986 contineturiudieium
743 3915 820 3968 Cestii
869 3917 918 3970 ius.
936 3917 1035 3970 &hult-
1350 3975 1354 3986 Ι

307 3995 340 4048 dc
362 3995 413 4049 istis
440 3993 518 4062 Alfii,
544 4013 601 4065 quse
623 4007 819 4067 precesserunt:
883 3991 926 4049 '3.
936 3995 1124 4051 Pamsitorum
1133 3989 1353 4064 circumferamus·

307 4095 321 4120 s
333 4075 523 4140 buteonem,
532 4073 576 4128 ssd
584 4085 714 4146 currupte;
725 4074 819 4144 uquip·
858 4073 980 4130 'turum
992 4077 1054 4131 Htec
1067 4077 1188 4152 explicatu
1201 4087 1250 4122 nnn
1259 4069 1310 4116 suni
1318 4051 1354 4106 dd·

306 4167 336 4220 pe
347 4149 383 4204 rei
393 4151 538 4207 excedentia
549 4150 687 4206 veritatem.
699 4153 766 4223 Qua
779 4173 818 4208 ra·
867 4149 959 4222 fieiiis3
970 4153 1128 4209 notissimum
1140 4151 1219 4214 duim,
1229 4159 1285 4216 quet
1293 4144 1351 4204 &8⁰
