2842 4812
102 510 106 520 ⁴
213 506 653 580 CONTROVERSIARUM
677 509 758 576 LIB.
784 511 854 592 111,
886 534 936 601 ¹7·
1045 515 1109 604 ²73

57 639 212 733 figuruvit.
232 639 313 706 Nou
331 655 509 728 possumus
528 634 572 702 de
589 635 723 728 Popilio
746 635 844 728 queri
869 661 876 702 :
898 635 1015 704 eodem
1037 637 1111 708 loco

54 772 214 848 patronum
232 751 373 836 babuit,
396 775 465 842 quo
481 766 626 843 patrem.
647 753 828 846 Pompeius
847 769 1011 822 terrarum
1038 779 1110 824 ma-

54 870 153 961 risque
159 868 328 950 domitor,
344 865 518 934 Hortensii
531 889 567 932 se
581 865 739 934 clientem
753 871 761 901 ¹
778 865 925 936 libenter
939 868 1113 940 coufessus

52 1000 105 1052 est.
117 985 319 1053 Hortensius
329 983 419 1050 boue
428 983 600 1073 Pompeii,
613 1005 679 1050 nou
690 984 887 1076 Pompeium
898 982 1111 1083 defenderat.

54 1101 223 1183 Romulus,
241 1101 367 1168 hurum
382 1100 541 1170 moeuium
555 1098 726 1177 conditor,
743 1115 780 1168 ct
792 1115 943 1170 sacratus
955 1102 1038 1171 caelo
1050 1127 1114 1198 pa-

52 1241 119 1286 rens
128 1269 138 1304 ,
153 1241 223 1293 non
239 1235 368 1287 tautam
382 1217 502 1285 urbem
521 1215 619 1302 lecit,
641 1232 799 1309 quantam
817 1219 937 1287 Cicero
950 1223 1111 1290 servarit.

53 1332 353 1402 MetellusinVestae
364 1333 452 1402 aede’
462 1331 823 1400 exstinxitiuoeudium
835 1359 842 1397 :
853 1333 976 1401 Cicero
984 1337 1110 1405 Romae.

52 1447 210 1520 Glorietur
222 1448 419 1519 Hannibale
431 1447 546 1542 Scipio
556 1439 583 1528 ³,
595 1447 728 1540 Pyrrho
740 1448 932 1533 Fabricius,
945 1451 1113 1520 Antiocho

52 1564 125 1634 alter
134 1567 274 1660 Scipio,
291 1567 394 1634 Perse
406 1563 551 1648 Paulus,
566 1565 728 1657 Spartaco
742 1566 901 1648 Cmssus,
917 1565 1068 1636 Sertorio
1082 1585 1115 1636 et
1211 1571 1218 1638 ,’

53 1678 236 1750 Mithridate
242 1679 441 1773 Pompeius.
454 1681 559 1746 Nemo
573 1679 679 1747 bostis
690 1679 836 1750 Catilina
850 1681 993 1773 propius
1001 1703 1114 1750 auces-
1176 1707 1185 1724 ·

53 1797 99 1864 sit.
121 1801 200 1866 Fert
225 1819 417 1892 appensum
442 1787 546 1864 ¹como
564 1814 689 1889 caput,
710 1813 745 1864 et
766 1796 942 1906 defluente
952 1791 1115 1891 sanguiue

55 1909 133 1979 buuu
148 1915 259 2006 ipsum
282 1913 440 2003 inquinet
456 1911 566 1978 locum
582 1961 591 1990 ,
608 1911 645 1979 in
663 1937 731 2004 quo
744 1915 808 2006 p'ro
821 1913 954 2008 Popilio
970 1912 1113 1983 dixerut.

92 2031 265 2098 bunonis.
281 2029 427 2121 Quantae
443 2027 508 2096 luit
524 2025 747 2119 eloquentius!
766 2029 923 2122 probavit
936 2029 979 2099 ab
994 2055 1035 2098 eo
1048 2055 1115 2100 nou

55 2149 182 2216 occisum
196 2164 354 2242 patrem,
376 2170 396 2213 a
411 2169 478 2236 quo
493 2143 603 2212 occidi
618 2158 749 2238 poterat
762 2148 863 2215 etiam
877 2147 1012 2216 Cicero.

92 2267 263 2334 Μιιιιιιη.
280 2265 315 2334 Si
330 2264 490 2330 iuimicus
507 2286 613 2330 essem
627 2265 797 2356 patronis,
815 2281 966 2358 optarem
986 2284 1023 2334 ut
1038 2292 1117 2337 reus

53 2376 283 2449 absolveretur.
299 2381 417 2470 Turpe
440 2376 619 2468 judicari,
641 2378 678 2444 iu
699 2401 738 2444 ea
758 2380 897 2446 civitate
915 2381 1113 2450 Ciceronem
1209 2383 1216 2390 ’

56 2493 286 2577 condolendi,
309 2493 345 2559 in
363 2515 432 2583 qua
450 2490 588 2558 delendi
604 2493 714 2584 potuit
732 2494 834 2560 etiam
847 2492 1014 2584 Popilius.

94 2667 268 2740 DIVISIO.
283 2663 451 2759 Popilium
465 2659 571 2758 pau'ci'
581 2689 622 2732 ex
636 2659 821 2733 historicis⁴
836 2665 1050 2738 tradiderunt
1063 2672 1116 2737 in-

56 2785 251 2856 terfectorem
261 2783 438 2853 Ciceronis
452 2782 530 2850 :sed
539 2781 575 2848 bi
585 2805 722 2874 quoque
733 2805 802 2850 nou
810 2783 990 2878 parricidii
1001 2780 1112 2856 ⁵reum

83 2979 248 3034 anoriensis
264 2995 294 3031 se
307 2976 431 3028 clientem.
444 2970 549 3025 Plutar·
599 2971 928 3046 HieP.SeiprbAsricunue
935 2979 1112 3044 mulortlietus
1205 2967 1207 2974 ,

56 3051 104 3110 eim
114 3058 138 3112 ia
155 3056 282 3130 Pompeio
301 3052 422 3126 legendus
435 3068 442 3104 z
456 3049 488 3104 de
501 3071 549 3122 pe·
599 3063 648 3105 est:
657 3051 797 3120 aberrem,
808 3054 852 3124 qui
861 3056 1016 3110 Antiochum
1028 3059 1110 3132 Syria

56 3135 134 3192 tulatus
150 3135 346 3194 accusationes
369 3144 450 3185 morte
472 3131 548 3204 patris
597 3149 683 3202 regern
696 3132 805 3202 devicit,
820 3131 852 3184 L.
863 3133 951 3204 Scipio
964 3138 1110 3195 Asiaticus.

58 3213 175 3272 Strabonis.
193 3217 284 3271 Cicero
300 3213 327 3266 iu
344 3211 441 3265 Brutos
454 3211 547 3263 «Hor-
597 3203 701 3261 Scitote.

57 3296 133 3350 tessine
148 3317 209 3352 enm
221 3292 341 3368 Philippo
360 3291 413 3366 jam
431 3309 476 3360 pro
499 3289 548 3341 Cn.
629 3287 652 3352 4.
669 3285 804 3356 Popilium
821 3293 902 3358 pauci
921 3313 958 3346 ex
975 3294 1109 3350 historicis.

57 3369 151 3446 Pompeii
162 3374 242 3430 bunis
255 3369 364 3436 dicente,
372 3367 399 3421 iu
409 3365 452 3419 illa
460 3384 546 3419 caussa
595 3363 670 3416 Nunc
681 3378 768 3418 eontra
779 3385 867 3421 omnes
877 3384 1002 3441 quotquot
1012 3387 1107 3428 exstant

56 3449 179 3508 sislneem
187 3469 267 3524 quum
275 3461 345 3512 esset,
352 3445 546 3520 princepsiuitn
595 3443 725 3510 Historiei‚
740 3445 763 3498 ei
774 3445 870 3499 cadem
878 3450 915 3501 Μ.
924 3450 1017 3512 Tullii,
1030 3455 1107 3509 unius

82 3526 548 3587 snesnnstnresrooedeeaesrtnxu
595 3523 711 3576 omnium
731 3543 794 3596 quos
817 3525 855 3578 sol
874 3526 962 3594 vidit,
984 3530 1106 3602 eloquen-

56 3604 350 3664 immistltceeitim
358 3601 478 3656 llletellus
489 3599 546 3653 Pal·
594 3603 700 3668 tissimi,
718 3605 992 3679 flagitiosissimamque
1009 3612 1106 3667 crimen

56 3681 145 3758 lolium,
156 3705 238 3760 quum
250 3683 317 3740 seties
333 3683 417 3735 Veste
428 3679 543 3741 arderet,
594 3685 733 3750 ὁχαριστίας
747 3684 880 3756 imputant,
895 3686 1032 3761 Appianum
1045 3692 1107 3745 Plu-

56 3759 108 3816 inter
117 3765 178 3838 ἱμω
190 3764 279 3837 ignes,
297 3758 425 3814 incolume
434 3753 546 3811 servavit
593 3763 707 3826 tarcbus,
727 3761 815 3828 Dion,
840 3763 943 3834 Livius,
970 3762 1104 3837 Valerius,

133 3864 162 3898 ne
181 3843 261 3895 laetus
280 3849 324 3890 est.
340 3834 458 3908 Epitorua
476 3831 558 3886 Livii'
593 3837 688 3910 aliique
701 3859 797 3893 omnes.
812 3837 915 3894 Scitott.

56 3913 172 3992 liblffi
185 3917 285 3972 Plinius
296 3913 342 3967 lib.
353 3911 419 3978 Vll,
431 3929 484 3984 cap.
495 3909 542 3977 43,
625 3919 649 3970 5.
671 3915 732 3970 Non
741 3920 880 3986 parricidii
887 3939 967 3972 unm.
980 3921 1009 3975 C.
1021 3923 1103 3996 Popi-

56 4009 76 4048 et
90 3999 139 4054 vat.
159 3999 228 4052 Mat.
250 3995 297 4049 lib.
322 3993 350 4058 l,
372 4009 426 4064 cap.
447 3995 470 4044 5.
492 3991 542 4044 lu·
591 3993 655 4046 lium
675 3995 803 4054 Laenatem
822 3994 892 4048 Trib.
910 3996 1033 4063 rnilitum,
1051 4001 1102 4053 Pi-

56 4076 219 4131 osntliumrero
231 4069 374 4128 exstinxisse
384 4066 476 4122 nullibi
482 4066 543 4140 legi.
592 4091 661 4126 cene
673 4071 786 4146 regionis
797 4084 887 4142 rogatu
899 4073 936 4125 Μ.
949 4073 1034 4142 celii,
1048 4095 1101 4130 non
1217 4075 1220 4082 ’

57 4146 139 4207 Μαι,
591 4149 691 4204 minure
708 4171 780 4216 cura,
800 4171 878 4222 quam
897 4151 1103 4224 eloquentiarle-
1202 4171 1207 4176 ·
1305 4183 1314 4207 x

19 4288 27 4318 p
82 4229 101 4292 i,
120 4235 251 4292 Gloriatur
271 4227 428 4283 Hannibale
448 4227 542 4299 Scipio.
593 4227 703 4282 tendisse
728 4227 879 4282 Ciceronem
899 4248 1007 4301 eumque
1028 4254 1102 4290 esu„

119 4329 145 4392 1.
157 4332 271 4392 Smecoe
280 4345 352 4406 pars
365 4321 497 4407 uuordo.
950 4325 987 4386 18
