<?xml version="1.0" encoding="UTF-8"?>
<!DOCTYPE html PUBLIC "-//W3C//DTD XHTML 1.0 Transitional//EN"
    "http://www.w3.org/TR/xhtml1/DTD/xhtml1-transitional.dtd">
<html xmlns="http://www.w3.org/1999/xhtml" xml:lang="en" lang="en">
 <head>
  <title>
</title>
<meta http-equiv="Content-Type" content="text/html;charset=utf-8" />
  <meta name='ocr-system' content='tesseract 3.04.00' />
  <meta name='ocr-capabilities' content='ocr_page ocr_carea ocr_par ocr_line ocrx_word'/>
</head>
<body>
  <div class='ocr_page' id='page_1' title='image "./lannsenecparspr00bouigoog_0235.png"; bbox 0 0 2878 4816; ppageno 0'>
   <div class='ocr_carea' id='block_1_1' title="bbox 21 451 23 518">
    <p class='ocr_par' dir='ltr' id='par_1_1' title="bbox 21 451 23 518">
     <span class='ocr_line' id='line_1_1' title="bbox 21 451 23 492; baseline 0 0"><span class='ocrx_word' id='word_1_1' title='bbox 21 451 23 492; x_wconf 91' lang='lat' dir='ltr'><strong>l</strong></span> 
     </span>
     <span class='ocr_line' id='line_1_2' title="bbox 21 495 22 518; baseline 0 0"><span class='ocrx_word' id='word_1_2' title='bbox 21 495 22 518; x_wconf 78' lang='grc' dir='ltr'><strong>ι</strong></span> 
     </span>
    </p>
   </div>
   <div class='ocr_carea' id='block_1_2' title="bbox 21 715 23 788">
    <p class='ocr_par' dir='ltr' id='par_1_2' title="bbox 21 715 23 788">
     <span class='ocr_line' id='line_1_3' title="bbox 21 715 23 788; baseline 0 0"><span class='ocrx_word' id='word_1_3' title='bbox 21 715 23 788; x_wconf 84' lang='lat' dir='ltr'><strong>l</strong></span> 
     </span>
    </p>
   </div>
   <div class='ocr_carea' id='block_1_3' title="bbox 82 367 1250 754">
    <p class='ocr_par' dir='ltr' id='par_1_3' title="bbox 82 367 1250 754">
     <span class='ocr_line' id='line_1_4' title="bbox 247 367 1250 498; baseline 0.005 -16"><span class='ocrx_word' id='word_1_4' title='bbox 247 367 682 482; x_wconf 80' lang='lat' dir='ltr'>conrnovnnsrsnun</span> <span class='ocrx_word' id='word_1_5' title='bbox 705 413 786 481; x_wconf 82' lang='lat' dir='ltr'>un.</span> <span class='ocrx_word' id='word_1_6' title='bbox 812 381 865 498; x_wconf 84' lang='lat' dir='ltr'>u,</span> <span class='ocrx_word' id='word_1_7' title='bbox 896 415 947 482; x_wconf 75' lang='grc' dir='ltr'>ιι.</span> <span class='ocrx_word' id='word_1_8' title='bbox 1067 421 1131 486; x_wconf 65' lang='lat' dir='ltr'>aar</span> <span class='ocrx_word' id='word_1_9' title='bbox 1248 403 1250 408; x_wconf 82' lang='grc'><strong>’</strong></span> 
     </span>
     <span class='ocr_line' id='line_1_5' title="bbox 82 540 1132 636; baseline 0.001 -23"><span class='ocrx_word' id='word_1_10' title='bbox 82 545 143 624; x_wconf 85' lang='lat' dir='ltr'>rilis</span> <span class='ocrx_word' id='word_1_11' title='bbox 153 543 277 612; x_wconf 86' lang='lat' dir='ltr'>dimitti</span> <span class='ocrx_word' id='word_1_12' title='bbox 296 543 410 636; x_wconf 82' lang='lat' dir='ltr'>possit.</span> <span class='ocrx_word' id='word_1_13' title='bbox 425 542 542 609; x_wconf 85' lang='lat' dir='ltr'>Posset</span> <span class='ocrx_word' id='word_1_14' title='bbox 553 540 644 608; x_wconf 84' lang='lat' dir='ltr'>anim</span> <span class='ocrx_word' id='word_1_15' title='bbox 656 541 825 628; x_wconf 78' lang='lat' dir='ltr'>accidere,</span> <span class='ocrx_word' id='word_1_16' title='bbox 839 542 930 634; x_wconf 88' lang='lat' dir='ltr'><strong>quod</strong></span> <span class='ocrx_word' id='word_1_17' title='bbox 943 544 1132 614; x_wconf 81' lang='lat' dir='ltr'>Athenien·</span> 
     </span>
     <span class='ocr_line' id='line_1_6' title="bbox 82 651 1133 754; baseline 0.002 -25"><span class='ocrx_word' id='word_1_18' title='bbox 82 660 158 729; x_wconf 82' lang='lat' dir='ltr'>sibus</span> <span class='ocrx_word' id='word_1_19' title='bbox 172 662 207 728; x_wconf 89' lang='lat' dir='ltr'>in</span> <span class='ocrx_word' id='word_1_20' title='bbox 226 659 320 728; x_wconf 86' lang='lat' dir='ltr'>bello</span> <span class='ocrx_word' id='word_1_21' title='bbox 342 656 466 726; x_wconf 82' lang='lat' dir='ltr'>accidit</span> <span class='ocrx_word' id='word_1_22' title='bbox 478 661 503 740; x_wconf 89' lang='lat'>¹,</span> <span class='ocrx_word' id='word_1_23' title='bbox 526 671 564 724; x_wconf 93' lang='lat' dir='ltr'>ut</span> <span class='ocrx_word' id='word_1_24' title='bbox 588 655 690 724; x_wconf 87' lang='lat' dir='ltr'>liberi</span> <span class='ocrx_word' id='word_1_25' title='bbox 710 673 750 724; x_wconf 85' lang='lat' dir='ltr'>et</span> <span class='ocrx_word' id='word_1_26' title='bbox 774 651 936 751; x_wconf 80' lang='lat' dir='ltr'>conjuges</span> <span class='ocrx_word' id='word_1_27' title='bbox 959 661 996 726; x_wconf 90' lang='lat' dir='ltr'>in</span> <span class='ocrx_word' id='word_1_28' title='bbox 1017 661 1133 754; x_wconf 88' lang='lat' dir='ltr'>aliquo</span> 
     </span>
    </p>
   </div>
   <div class='ocr_carea' id='block_1_4' title="bbox 21 770 1134 867">
    <p class='ocr_par' dir='ltr' id='par_1_4' title="bbox 21 770 1134 867">
     <span class='ocr_line' id='line_1_7' title="bbox 21 770 1134 867; baseline -0.001 -20"><span class='ocrx_word' id='word_1_29' title='bbox 21 793 22 816; x_wconf 66' lang='lat'>¹</span> <span class='ocrx_word' id='word_1_30' title='bbox 83 780 188 846; x_wconf 88' lang='lat' dir='ltr'>tutiore</span> <span class='ocrx_word' id='word_1_31' title='bbox 207 776 285 845; x_wconf 84' lang='lat' dir='ltr'>loeo</span> <span class='ocrx_word' id='word_1_32' title='bbox 303 773 526 867; x_wconf 79' lang='lat' dir='ltr'>deponantur.</span> <span class='ocrx_word' id='word_1_33' title='bbox 557 770 786 864; x_wconf 86' lang='lat' dir='ltr'>Imputabitnr</span> <span class='ocrx_word' id='word_1_34' title='bbox 803 773 871 841; x_wconf 91' lang='lat' dir='ltr'>boo</span> <span class='ocrx_word' id='word_1_35' title='bbox 887 789 1019 867; x_wconf 86' lang='lat' dir='ltr'>tempus</span> <span class='ocrx_word' id='word_1_36' title='bbox 1037 776 1134 846; x_wconf 81' lang='lat' dir='ltr'>femi·-</span> 
     </span>
    </p>
   </div>
   <div class='ocr_carea' id='block_1_5' title="bbox 82 889 1133 985">
    <p class='ocr_par' dir='ltr' id='par_1_5' title="bbox 82 889 1133 985">
     <span class='ocr_line' id='line_1_8' title="bbox 82 889 1133 985; baseline 0.003 -25"><span class='ocrx_word' id='word_1_37' title='bbox 82 895 141 978; x_wconf 90' lang='lat' dir='ltr'>nis,</span> <span class='ocrx_word' id='word_1_38' title='bbox 164 915 230 985; x_wconf 86' lang='lat' dir='ltr'>qno</span> <span class='ocrx_word' id='word_1_39' title='bbox 256 892 351 960; x_wconf 72' lang='lat' dir='ltr'>viros</span> <span class='ocrx_word' id='word_1_40' title='bbox 373 889 584 966; x_wconf 78' lang='lat' dir='ltr'>destitimus,</span> <span class='ocrx_word' id='word_1_41' title='bbox 607 909 697 970; x_wconf 89' lang='lat' dir='ltr'>non,</span> <span class='ocrx_word' id='word_1_42' title='bbox 727 912 795 980; x_wconf 86' lang='lat' dir='ltr'>quo</span> <span class='ocrx_word' id='word_1_43' title='bbox 818 913 888 958; x_wconf 91' lang='lat' dir='ltr'>non</span> <span class='ocrx_word' id='word_1_44' title='bbox 908 890 1047 960; x_wconf 77' lang='lat' dir='ltr'>habam.</span> <span class='ocrx_word' id='word_1_45' title='bbox 1075 895 1133 964; x_wconf 78' lang='lat' dir='ltr'>sio</span> 
     </span>
    </p>
   </div>
   <div class='ocr_carea' id='block_1_6' title="bbox 21 1004 1132 1213">
    <p class='ocr_par' dir='ltr' id='par_1_6' title="bbox 21 1004 1132 1213">
     <span class='ocr_line' id='line_1_9' title="bbox 81 1004 1129 1098; baseline 0.001 -21"><span class='ocrx_word' id='word_1_46' title='bbox 81 1023 226 1098; x_wconf 74' lang='lat' dir='ltr'>tyrannus</span> <span class='ocrx_word' id='word_1_47' title='bbox 250 1029 322 1074; x_wconf 93' lang='lat' dir='ltr'>non</span> <span class='ocrx_word' id='word_1_48' title='bbox 348 1005 510 1072; x_wconf 83' lang='lat' dir='ltr'>vetuisset</span> <span class='ocrx_word' id='word_1_49' title='bbox 531 1004 628 1070; x_wconf 87' lang='lat' dir='ltr'>istum</span> <span class='ocrx_word' id='word_1_50' title='bbox 647 1021 769 1095; x_wconf 86' lang='lat' dir='ltr'>parere</span> <span class='ocrx_word' id='word_1_51' title='bbox 792 1005 875 1095; x_wconf 89' lang='lat' dir='ltr'>quin</span> <span class='ocrx_word' id='word_1_52' title='bbox 891 1005 1129 1078; x_wconf 75' lang='lat' dir='ltr'>interemisset</span> 
     </span>
     <span class='ocr_line' id='line_1_10' title="bbox 21 1101 1132 1213; baseline -0.005 -24"><span class='ocrx_word' id='word_1_53' title='bbox 21 1101 22 1134; x_wconf 29' lang='lat' dir='ltr'><strong>l</strong></span> <span class='ocrx_word' id='word_1_54' title='bbox 81 1123 221 1213; x_wconf 70' lang='lat' dir='ltr'>litquum</span> <span class='ocrx_word' id='word_1_55' title='bbox 235 1122 302 1190; x_wconf 87' lang='lat' dir='ltr'>boo</span> <span class='ocrx_word' id='word_1_56' title='bbox 318 1119 540 1188; x_wconf 85' lang='lat' dir='ltr'>vehementer</span> <span class='ocrx_word' id='word_1_57' title='bbox 554 1117 780 1212; x_wconf 86' lang='lat' dir='ltr'>implevisset,</span> <span class='ocrx_word' id='word_1_58' title='bbox 797 1121 1042 1213; x_wconf 70' lang='lat' dir='ltr'>inprobasset,</span> <span class='ocrx_word' id='word_1_59' title='bbox 1063 1149 1132 1194; x_wconf 73' lang='lat' dir='ltr'>non</span> 
     </span>
    </p>
   </div>
   <div class='ocr_carea' id='block_1_7' title="bbox 82 1231 1132 1440">
    <p class='ocr_par' dir='ltr' id='par_1_7' title="bbox 82 1231 1132 1440">
     <span class='ocr_line' id='line_1_11' title="bbox 83 1231 1129 1328; baseline 0.005 -27"><span class='ocrx_word' id='word_1_60' title='bbox 83 1255 180 1302; x_wconf 86' lang='lat' dir='ltr'>omues</span> <span class='ocrx_word' id='word_1_61' title='bbox 204 1257 306 1328; x_wconf 87' lang='lat' dir='ltr'>possa</span> <span class='ocrx_word' id='word_1_62' title='bbox 332 1231 481 1315; x_wconf 87' lang='lat' dir='ltr'>dimitti,</span> <span class='ocrx_word' id='word_1_63' title='bbox 504 1233 531 1299; x_wconf 82' lang='lat' dir='ltr'>si</span> <span class='ocrx_word' id='word_1_64' title='bbox 555 1231 790 1324; x_wconf 90' lang='lat' dir='ltr'>quinquennio</span> <span class='ocrx_word' id='word_1_65' title='bbox 809 1256 878 1301; x_wconf 90' lang='lat' dir='ltr'>non</span> <span class='ocrx_word' id='word_1_66' title='bbox 896 1236 1129 1326; x_wconf 82' lang='lat' dir='ltr'>peperissent,</span> 
     </span>
     <span class='ocr_line' id='line_1_12' title="bbox 82 1347 1132 1440; baseline 0.006 -23"><span class='ocrx_word' id='word_1_67' title='bbox 82 1365 147 1417; x_wconf 91' lang='lat' dir='ltr'>tuno</span> <span class='ocrx_word' id='word_1_68' title='bbox 161 1349 220 1418; x_wconf 92' lang='lat' dir='ltr'><strong>illo</strong></span> <span class='ocrx_word' id='word_1_69' title='bbox 238 1351 393 1434; x_wconf 80' lang='lat' dir='ltr'>translit,</span> <span class='ocrx_word' id='word_1_70' title='bbox 412 1349 465 1416; x_wconf 75' lang='lat' dir='ltr'>An</span> <span class='ocrx_word' id='word_1_71' title='bbox 482 1347 554 1415; x_wconf 81' lang='lat' dir='ltr'>baeo</span> <span class='ocrx_word' id='word_1_72' title='bbox 570 1363 702 1440; x_wconf 69' lang='lat' dir='ltr'>possotq</span> <span class='ocrx_word' id='word_1_73' title='bbox 727 1365 762 1416; x_wconf 90' lang='lat' dir='ltr'>et</span> <span class='ocrx_word' id='word_1_74' title='bbox 781 1348 839 1416; x_wconf 85' lang='lat' dir='ltr'>bio</span> <span class='ocrx_word' id='word_1_75' title='bbox 857 1351 1038 1420; x_wconf 79' lang='lat' dir='ltr'><strong>etiamnum</strong></span> <span class='ocrx_word' id='word_1_76' title='bbox 1063 1377 1132 1422; x_wconf 89' lang='lat' dir='ltr'>non</span> 
     </span>
    </p>
   </div>
   <div class='ocr_carea' id='block_1_8' title="bbox 82 1464 1242 1560">
    <p class='ocr_par' dir='ltr' id='par_1_8' title="bbox 82 1464 1242 1560">
     <span class='ocr_line' id='line_1_13' title="bbox 82 1464 1242 1560; baseline 0.003 -24"><span class='ocrx_word' id='word_1_77' title='bbox 82 1465 134 1536; x_wconf 85' lang='lat' dir='ltr'>boc</span> <span class='ocrx_word' id='word_1_78' title='bbox 148 1467 341 1560; x_wconf 72' lang='lat' dir='ltr'>quaerebat,</span> <span class='ocrx_word' id='word_1_79' title='bbox 357 1489 400 1534; x_wconf 92' lang='lat' dir='ltr'>an</span> <span class='ocrx_word' id='word_1_80' title='bbox 417 1465 558 1534; x_wconf 77' lang='lat' dir='ltr'>deberet</span> <span class='ocrx_word' id='word_1_81' title='bbox 575 1465 720 1548; x_wconf 85' lang='lat' dir='ltr'>dimitti,</span> <span class='ocrx_word' id='word_1_82' title='bbox 739 1464 799 1532; x_wconf 88' lang='lat' dir='ltr'>sed</span> <span class='ocrx_word' id='word_1_83' title='bbox 813 1489 857 1532; x_wconf 87' lang='lat' dir='ltr'>an</span> <span class='ocrx_word' id='word_1_84' title='bbox 869 1483 994 1558; x_wconf 84' lang='lat' dir='ltr'>posset.</span> <span class='ocrx_word' id='word_1_85' title='bbox 1013 1473 1056 1536; x_wconf 83' lang='lat' dir='ltr'>Et</span> <span class='ocrx_word' id='word_1_86' title='bbox 1068 1469 1133 1540; x_wconf 89' lang='lat' dir='ltr'>boo</span> <span class='ocrx_word' id='word_1_87' title='bbox 1236 1536 1242 1549; x_wconf 35' lang='grc' dir='ltr'><em>Ι</em></span> 
     </span>
    </p>
   </div>
   <div class='ocr_carea' id='block_1_9' title="bbox 82 1571 1132 1910">
    <p class='ocr_par' dir='ltr' id='par_1_9' title="bbox 82 1571 1132 1910">
     <span class='ocr_line' id='line_1_14' title="bbox 83 1571 1132 1674; baseline 0.006 -26"><span class='ocrx_word' id='word_1_88' title='bbox 83 1599 180 1651; x_wconf 81' lang='lat' dir='ltr'>eontra</span> <span class='ocrx_word' id='word_1_89' title='bbox 203 1587 387 1652; x_wconf 83' lang='lat' dir='ltr'>latronem</span> <span class='ocrx_word' id='word_1_90' title='bbox 409 1581 545 1650; x_wconf 85' lang='lat' dir='ltr'>dicebat</span> <span class='ocrx_word' id='word_1_91' title='bbox 562 1607 570 1646; x_wconf 91' lang='lat'><strong>:</strong></span> <span class='ocrx_word' id='word_1_92' title='bbox 588 1581 769 1673; x_wconf 85' lang='lat' dir='ltr'>Quomodo</span> <span class='ocrx_word' id='word_1_93' title='bbox 792 1583 887 1649; x_wconf 85' lang='lat' dir='ltr'>istam</span> <span class='ocrx_word' id='word_1_94' title='bbox 913 1571 1132 1674; x_wconf 67' lang='lat' dir='ltr'>questionem</span> 
     </span>
     <span class='ocr_line' id='line_1_15' title="bbox 82 1689 1131 1793; baseline 0.005 -26"><span class='ocrx_word' id='word_1_95' title='bbox 82 1717 160 1790; x_wconf 85' lang='lat' dir='ltr'>potas</span> <span class='ocrx_word' id='word_1_96' title='bbox 171 1702 206 1770; x_wconf 93' lang='lat' dir='ltr'>in</span> <span class='ocrx_word' id='word_1_97' title='bbox 218 1702 390 1793; x_wconf 77' lang='lat' dir='ltr'>aequitetle</span> <span class='ocrx_word' id='word_1_98' title='bbox 407 1700 641 1768; x_wconf 82' lang='lat' dir='ltr'>tractationem</span> <span class='ocrx_word' id='word_1_99' title='bbox 657 1699 780 1768; x_wconf 85' lang='lat' dir='ltr'>eadere</span> <span class='ocrx_word' id='word_1_100' title='bbox 792 1749 802 1782; x_wconf 90' lang='lat'><strong><em>,</em></strong></span> <span class='ocrx_word' id='word_1_101' title='bbox 816 1723 919 1791; x_wconf 88' lang='lat' dir='ltr'><strong>quum</strong></span> <span class='ocrx_word' id='word_1_102' title='bbox 932 1689 1016 1792; x_wconf 82' lang='lat' dir='ltr'>quid</span> <span class='ocrx_word' id='word_1_103' title='bbox 1031 1701 1131 1772; x_wconf 81' lang='lat' dir='ltr'>liceat</span> 
     </span>
     <span class='ocr_line' id='line_1_16' title="bbox 83 1813 1131 1910; baseline 0 -23"><span class='ocrx_word' id='word_1_104' title='bbox 83 1833 245 1908; x_wconf 78' lang='lat' dir='ltr'>quantur,</span> <span class='ocrx_word' id='word_1_105' title='bbox 268 1836 338 1886; x_wconf 93' lang='lat' dir='ltr'>non</span> <span class='ocrx_word' id='word_1_106' title='bbox 356 1813 440 1908; x_wconf 87' lang='lat' dir='ltr'>qnid</span> <span class='ocrx_word' id='word_1_107' title='bbox 457 1816 634 1910; x_wconf 79' lang='lat' dir='ltr'>oporteat?</span> <span class='ocrx_word' id='word_1_108' title='bbox 646 1813 722 1883; x_wconf 84' lang='lat' dir='ltr'>baeo</span> <span class='ocrx_word' id='word_1_109' title='bbox 737 1815 847 1898; x_wconf 86' lang='lat' dir='ltr'>enim,</span> <span class='ocrx_word' id='word_1_110' title='bbox 862 1838 907 1884; x_wconf 88' lang='lat' dir='ltr'>au</span> <span class='ocrx_word' id='word_1_111' title='bbox 922 1816 995 1885; x_wconf 79' lang='lat' dir='ltr'>baeo</span> <span class='ocrx_word' id='word_1_112' title='bbox 1008 1820 1131 1910; x_wconf 83' lang='lat' dir='ltr'>possit,</span> 
     </span>
    </p>
   </div>
   <div class='ocr_carea' id='block_1_10' title="bbox 21 1929 1128 2028">
    <p class='ocr_par' dir='ltr' id='par_1_10' title="bbox 21 1929 1128 2028">
     <span class='ocr_line' id='line_1_17' title="bbox 21 1929 1128 2028; baseline 0.009 -31"><span class='ocrx_word' id='word_1_113' title='bbox 21 1979 23 2006; x_wconf 45' lang='lat' dir='ltr'>t</span> <span class='ocrx_word' id='word_1_114' title='bbox 84 1955 133 2024; x_wconf 90' lang='lat' dir='ltr'>per</span> <span class='ocrx_word' id='word_1_115' title='bbox 154 1934 246 2002; x_wconf 90' lang='lat' dir='ltr'><strong>illum</strong></span> <span class='ocrx_word' id='word_1_116' title='bbox 269 1933 345 2001; x_wconf 78' lang='lat' dir='ltr'>&#39;oon</span> <span class='ocrx_word' id='word_1_117' title='bbox 372 1946 505 2025; x_wconf 86' lang='lat' dir='ltr'>posset,</span> <span class='ocrx_word' id='word_1_118' title='bbox 535 1931 615 2023; x_wconf 88' lang='lat' dir='ltr'>qnia</span> <span class='ocrx_word' id='word_1_119' title='bbox 642 1929 856 2024; x_wconf 73' lang='lat' dir='ltr'><strong>tyrannidem</strong></span> <span class='ocrx_word' id='word_1_120' title='bbox 887 1957 956 2000; x_wconf 91' lang='lat' dir='ltr'>non</span> <span class='ocrx_word' id='word_1_121' title='bbox 980 1954 1128 2028; x_wconf 78' lang='lat' dir='ltr'>ceperat.</span> 
     </span>
    </p>
   </div>
   <div class='ocr_carea' id='block_1_11' title="bbox 84 2045 1134 2376">
    <p class='ocr_par' dir='ltr' id='par_1_11' title="bbox 84 2045 1134 2376">
     <span class='ocr_line' id='line_1_18' title="bbox 84 2045 1132 2142; baseline 0.006 -27"><span class='ocrx_word' id='word_1_122' title='bbox 84 2047 210 2141; x_wconf 76' lang='lat' dir='ltr'><strong>Aliquod</strong></span> <span class='ocrx_word' id='word_1_123' title='bbox 229 2066 366 2142; x_wconf 87' lang='lat' dir='ltr'>tempus</span> <span class='ocrx_word' id='word_1_124' title='bbox 385 2050 525 2141; x_wconf 88' lang='lat' dir='ltr'>impune</span> <span class='ocrx_word' id='word_1_125' title='bbox 541 2071 562 2115; x_wconf 90' lang='lat' dir='ltr'>a</span> <span class='ocrx_word' id='word_1_126' title='bbox 582 2045 715 2140; x_wconf 74' lang='lat' dir='ltr'>legibus</span> <span class='ocrx_word' id='word_1_127' title='bbox 733 2049 877 2116; x_wconf 84' lang='lat' dir='ltr'>miserita</span> <span class='ocrx_word' id='word_1_128' title='bbox 894 2048 1036 2119; x_wconf 84' lang='lat' dir='ltr'>iaciunt.</span> <span class='ocrx_word' id='word_1_129' title='bbox 1056 2055 1132 2121; x_wconf 83' lang='lat' dir='ltr'>Non</span> 
     </span>
     <span class='ocr_line' id='line_1_19' title="bbox 84 2160 1134 2260; baseline 0.007 -28"><span class='ocrx_word' id='word_1_130' title='bbox 84 2163 145 2232; x_wconf 82' lang='lat' dir='ltr'>dion</span> <span class='ocrx_word' id='word_1_131' title='bbox 160 2169 238 2260; x_wconf 87' lang='lat' dir='ltr'>qnia</span> <span class='ocrx_word' id='word_1_132' title='bbox 265 2181 354 2234; x_wconf 89' lang='lat' dir='ltr'>torta</span> <span class='ocrx_word' id='word_1_133' title='bbox 371 2181 445 2247; x_wconf 88' lang='lat' dir='ltr'>est,</span> <span class='ocrx_word' id='word_1_134' title='bbox 473 2162 534 2232; x_wconf 86' lang='lat' dir='ltr'>sed</span> <span class='ocrx_word' id='word_1_135' title='bbox 553 2160 620 2231; x_wconf 89' lang='lat' dir='ltr'>boo</span> <span class='ocrx_word' id='word_1_136' title='bbox 641 2161 776 2246; x_wconf 89' lang='lat' dir='ltr'>adhue,</span> <span class='ocrx_word' id='word_1_137' title='bbox 800 2181 943 2258; x_wconf 84' lang='lat' dir='ltr'>propter</span> <span class='ocrx_word' id='word_1_138' title='bbox 967 2170 1134 2260; x_wconf 72' lang='lat' dir='ltr'>equitatis</span> 
     </span>
     <span class='ocr_line' id='line_1_20' title="bbox 84 2277 1134 2376; baseline 0.01 -30"><span class='ocrx_word' id='word_1_139' title='bbox 84 2285 320 2376; x_wconf 75' lang='lat' dir='ltr'>tractationem,</span> <span class='ocrx_word' id='word_1_140' title='bbox 339 2300 490 2350; x_wconf 77' lang='lat' dir='ltr'>reservo.</span> <span class='ocrx_word' id='word_1_141' title='bbox 508 2277 576 2349; x_wconf 79' lang='lat' dir='ltr'>ssd</span> <span class='ocrx_word' id='word_1_142' title='bbox 589 2301 659 2348; x_wconf 90' lang='lat' dir='ltr'>non</span> <span class='ocrx_word' id='word_1_143' title='bbox 675 2278 827 2374; x_wconf 78' lang='lat' dir='ltr'>peperit,</span> <span class='ocrx_word' id='word_1_144' title='bbox 846 2283 978 2374; x_wconf 83' lang='lat' dir='ltr'>quintu</span> <span class='ocrx_word' id='word_1_145' title='bbox 991 2286 1134 2356; x_wconf 82' lang='lat' dir='ltr'>maxima</span> 
     </span>
    </p>
   </div>
   <div class='ocr_carea' id='block_1_12' title="bbox 84 2391 1133 2836">
    <p class='ocr_par' dir='ltr' id='par_1_12' title="bbox 84 2391 1113 2489">
     <span class='ocr_line' id='line_1_21' title="bbox 84 2391 1113 2489; baseline 0.006 -30"><span class='ocrx_word' id='word_1_146' title='bbox 84 2391 114 2459; x_wconf 90' lang='lat' dir='ltr'>in</span> <span class='ocrx_word' id='word_1_147' title='bbox 126 2399 326 2489; x_wconf 73' lang='lat' dir='ltr'>cogitatione</span> <span class='ocrx_word' id='word_1_148' title='bbox 343 2409 547 2488; x_wconf 79' lang='lat' dir='ltr'>occupatus,</span> <span class='ocrx_word' id='word_1_149' title='bbox 564 2391 652 2460; x_wconf 90' lang='lat' dir='ltr'>nibil</span> <span class='ocrx_word' id='word_1_150' title='bbox 671 2391 714 2460; x_wconf 83' lang='lat' dir='ltr'>sle</span> <span class='ocrx_word' id='word_1_151' title='bbox 731 2392 850 2461; x_wconf 87' lang='lat' dir='ltr'>liberis</span> <span class='ocrx_word' id='word_1_152' title='bbox 868 2397 1032 2486; x_wconf 80' lang='lat' dir='ltr'>eogitasti.</span> <span class='ocrx_word' id='word_1_153' title='bbox 1112 2391 1113 2396; x_wconf 59' lang='grc'>’</span> 
     </span>
    </p>

    <p class='ocr_par' dir='ltr' id='par_1_13' title="bbox 86 2511 1133 2836">
     <span class='ocr_line' id='line_1_22' title="bbox 121 2511 1132 2608; baseline 0.004 -30"><span class='ocrx_word' id='word_1_154' title='bbox 121 2512 331 2591; x_wconf 54' lang='lat' dir='ltr'>riemann</span> <span class='ocrx_word' id='word_1_155' title='bbox 356 2513 413 2580; x_wconf 76' lang='lat' dir='ltr'>vir</span> <span class='ocrx_word' id='word_1_156' title='bbox 438 2511 733 2602; x_wconf 82' lang='lat' dir='ltr'>eloquentissimus</span> <span class='ocrx_word' id='word_1_157' title='bbox 757 2525 791 2576; x_wconf 87' lang='lat' dir='ltr'>et</span> <span class='ocrx_word' id='word_1_158' title='bbox 814 2513 975 2604; x_wconf 88' lang='lat' dir='ltr'>temporis</span> <span class='ocrx_word' id='word_1_159' title='bbox 989 2515 1043 2582; x_wconf 87' lang='lat' dir='ltr'>sui</span> <span class='ocrx_word' id='word_1_160' title='bbox 1058 2518 1132 2608; x_wconf 89' lang='lat' dir='ltr'>pri·</span> 
     </span>
     <span class='ocr_line' id='line_1_23' title="bbox 86 2625 1133 2721; baseline 0.006 -28"><span class='ocrx_word' id='word_1_161' title='bbox 86 2648 144 2696; x_wconf 87' lang='lat' dir='ltr'>nus</span> <span class='ocrx_word' id='word_1_162' title='bbox 164 2647 289 2716; x_wconf 82' lang='lat' dir='ltr'>orator,</span> <span class='ocrx_word' id='word_1_163' title='bbox 310 2629 399 2699; x_wconf 89' lang='lat' dir='ltr'>bano</span> <span class='ocrx_word' id='word_1_164' title='bbox 423 2625 643 2708; x_wconf 71' lang='lat' dir='ltr'>subtilitatem</span> <span class='ocrx_word' id='word_1_165' title='bbox 664 2627 807 2696; x_wconf 76' lang='lat' dir='ltr'>annonis</span> <span class='ocrx_word' id='word_1_166' title='bbox 825 2648 896 2695; x_wconf 90' lang='lat' dir='ltr'>non</span> <span class='ocrx_word' id='word_1_167' title='bbox 911 2628 1079 2721; x_wconf 78' lang='lat' dir='ltr'>probabat</span> <span class='ocrx_word' id='word_1_168' title='bbox 1097 2634 1133 2700; x_wconf 93' lang='lat' dir='ltr'>in</span> 
     </span>
     <span class='ocr_line' id='line_1_24' title="bbox 86 2743 1133 2836; baseline 0.006 -26"><span class='ocrx_word' id='word_1_169' title='bbox 86 2743 247 2831; x_wconf 81' lang='lat' dir='ltr'>Iatroue³‚</span> <span class='ocrx_word' id='word_1_170' title='bbox 276 2747 336 2815; x_wconf 86' lang='lat' dir='ltr'>sed</span> <span class='ocrx_word' id='word_1_171' title='bbox 366 2746 520 2816; x_wconf 75' lang='lat' dir='ltr'>assentiri</span> <span class='ocrx_word' id='word_1_172' title='bbox 545 2743 698 2826; x_wconf 88' lang='lat' dir='ltr'>dicebat,</span> <span class='ocrx_word' id='word_1_173' title='bbox 724 2743 805 2812; x_wconf 84' lang='lat' dir='ltr'>ideo</span> <span class='ocrx_word' id='word_1_174' title='bbox 837 2747 1038 2836; x_wconf 71' lang='lat' dir='ltr'>questiones</span> <span class='ocrx_word' id='word_1_175' title='bbox 1064 2763 1133 2816; x_wconf 86' lang='lat' dir='ltr'>tra·-</span> 
     </span>
    </p>
   </div>
   <div class='ocr_carea' id='block_1_13' title="bbox 85 2927 1164 3940">
    <p class='ocr_par' dir='ltr' id='par_1_14' title="bbox 85 2927 1164 3940">
     <span class='ocr_line' id='line_1_25' title="bbox 86 2927 1132 3004; baseline 0.009 -24"><span class='ocrx_word' id='word_1_176' title='bbox 86 2945 175 2995; x_wconf 73' lang='lat' dir='ltr'>mora,</span> <span class='ocrx_word' id='word_1_177' title='bbox 189 2951 268 3004; x_wconf 84' lang='lat' dir='ltr'><strong>quum</strong></span> <span class='ocrx_word' id='word_1_178' title='bbox 287 2929 491 3002; x_wconf 83' lang='lat' dir='ltr'><strong>quinquennium</strong></span> <span class='ocrx_word' id='word_1_179' title='bbox 511 2927 577 2980; x_wconf 81' lang='lat' dir='ltr'><strong>illud</strong></span> <span class='ocrx_word' id='word_1_180' title='bbox 624 2927 696 2979; x_wconf 89' lang='lat' dir='ltr'>obiit.</span> <span class='ocrx_word' id='word_1_181' title='bbox 705 2950 718 2975; x_wconf 79' lang='lat' dir='ltr'>o</span> <span class='ocrx_word' id='word_1_182' title='bbox 738 2928 846 2982; x_wconf 80' lang='lat' dir='ltr'>Videtur</span> <span class='ocrx_word' id='word_1_183' title='bbox 864 2943 947 2983; x_wconf 83' lang='lat' dir='ltr'>autem</span> <span class='ocrx_word' id='word_1_184' title='bbox 965 2933 986 2984; x_wconf 89' lang='lat' dir='ltr'>is</span> <span class='ocrx_word' id='word_1_185' title='bbox 1000 2933 1132 2990; x_wconf 73' lang='lat' dir='ltr'>Passienus</span> 
     </span>
     <span class='ocr_line' id='line_1_26' title="bbox 86 3006 1132 3080; baseline 0.012 -27"><span class='ocrx_word' id='word_1_186' title='bbox 86 3019 227 3074; x_wconf 81' lang='lat' dir='ltr'>numerator,</span> <span class='ocrx_word' id='word_1_187' title='bbox 252 3008 378 3062; x_wconf 80' lang='lat' dir='ltr'>debebant</span> <span class='ocrx_word' id='word_1_188' title='bbox 403 3025 454 3060; x_wconf 85' lang='lat' dir='ltr'>este</span> <span class='ocrx_word' id='word_1_189' title='bbox 474 3007 574 3080; x_wconf 77' lang='lat' dir='ltr'>gradus.</span> <span class='ocrx_word' id='word_1_190' title='bbox 624 3017 708 3078; x_wconf 82' lang='lat' dir='ltr'>pater,</span> <span class='ocrx_word' id='word_1_191' title='bbox 730 3018 825 3076; x_wconf 80' lang='lat' dir='ltr'>petrem</span> <span class='ocrx_word' id='word_1_192' title='bbox 845 3006 920 3059; x_wconf 83' lang='lat' dir='ltr'>etiam</span> <span class='ocrx_word' id='word_1_193' title='bbox 948 3007 1064 3064; x_wconf 79' lang='lat' dir='ltr'>babuisse</span> <span class='ocrx_word' id='word_1_194' title='bbox 1077 3010 1132 3066; x_wconf 76' lang='lat' dir='ltr'>&#39;elo-</span> 
     </span>
     <span class='ocr_line' id='line_1_27' title="bbox 86 3079 1134 3155; baseline 0.019 -29"><span class='ocrx_word' id='word_1_195' title='bbox 86 3079 168 3138; x_wconf 65' lang='lat' dir='ltr'>Sshn,</span> <span class='ocrx_word' id='word_1_196' title='bbox 624 3085 726 3155; x_wconf 84' lang='lat' dir='ltr'>quentis</span> <span class='ocrx_word' id='word_1_197' title='bbox 745 3098 851 3152; x_wconf 85' lang='lat' dir='ltr'>notum,</span> <span class='ocrx_word' id='word_1_198' title='bbox 865 3087 968 3140; x_wconf 87' lang='lat' dir='ltr'>obsouri</span> <span class='ocrx_word' id='word_1_199' title='bbox 985 3100 1070 3144; x_wconf 69' lang='lat' dir='ltr'>minen</span> <span class='ocrx_word' id='word_1_200' title='bbox 1088 3113 1134 3146; x_wconf 92' lang='lat' dir='ltr'>no·</span> 
     </span>
     <span class='ocr_line' id='line_1_28' title="bbox 113 3161 1130 3237; baseline 0.006 -20"><span class='ocrx_word' id='word_1_201' title='bbox 113 3175 129 3211; x_wconf 82' lang='lat'>¹-</span> <span class='ocrx_word' id='word_1_202' title='bbox 148 3161 223 3234; x_wconf 80' lang='lat' dir='ltr'><strong>Quod</strong></span> <span class='ocrx_word' id='word_1_203' title='bbox 239 3163 444 3217; x_wconf 75' lang='lat' dir='ltr'>Atheniensibus</span> <span class='ocrx_word' id='word_1_204' title='bbox 462 3167 491 3215; x_wconf 82' lang='lat' dir='ltr'>in</span> <span class='ocrx_word' id='word_1_205' title='bbox 508 3164 576 3216; x_wconf 88' lang='lat' dir='ltr'>bello</span> <span class='ocrx_word' id='word_1_206' title='bbox 624 3163 700 3215; x_wconf 82' lang='lat' dir='ltr'>minis</span> <span class='ocrx_word' id='word_1_207' title='bbox 712 3175 736 3216; x_wconf 90' lang='lat' dir='ltr'>et</span> <span class='ocrx_word' id='word_1_208' title='bbox 746 3164 987 3237; x_wconf 83' lang='lat' dir='ltr'>meriti,siqnislem</span> <span class='ocrx_word' id='word_1_209' title='bbox 997 3169 1026 3220; x_wconf 79' lang='lat' dir='ltr'>L.</span> <span class='ocrx_word' id='word_1_210' title='bbox 1036 3169 1130 3224; x_wconf 84' lang='lat' dir='ltr'>Seneca</span> 
     </span>
     <span class='ocr_line' id='line_1_29' title="bbox 85 3238 1164 3317; baseline 0.015 -30"><span class='ocrx_word' id='word_1_211' title='bbox 85 3239 168 3292; x_wconf 76' lang='lat' dir='ltr'>ooetdtt</span> <span class='ocrx_word' id='word_1_212' title='bbox 177 3238 281 3295; x_wconf 77' lang='lat' dir='ltr'>Persico</span> <span class='ocrx_word' id='word_1_213' title='bbox 293 3239 489 3310; x_wconf 59' lang='lat' dir='ltr'>videtiamque</span> <span class='ocrx_word' id='word_1_214' title='bbox 499 3242 576 3295; x_wconf 81' lang='lat' dir='ltr'>suasit</span> <span class='ocrx_word' id='word_1_215' title='bbox 624 3241 693 3295; x_wconf 82' lang='lat' dir='ltr'>exsul</span> <span class='ocrx_word' id='word_1_216' title='bbox 710 3243 738 3294; x_wconf 88' lang='lat' dir='ltr'>in</span> <span class='ocrx_word' id='word_1_217' title='bbox 755 3242 843 3314; x_wconf 76' lang='lat' dir='ltr'>Epigr.</span> <span class='ocrx_word' id='word_1_218' title='bbox 862 3245 894 3295; x_wconf 84' lang='lat' dir='ltr'>ad</span> <span class='ocrx_word' id='word_1_219' title='bbox 906 3243 1023 3317; x_wconf 82' lang='lat' dir='ltr'>Crispum</span> <span class='ocrx_word' id='word_1_220' title='bbox 1037 3247 1133 3302; x_wconf 76' lang='lat' dir='ltr'>Passie-</span> <span class='ocrx_word' id='word_1_221' title='bbox 1162 3285 1164 3290; x_wconf 86' lang='lat'><em>.</em></span> 
     </span>
     <span class='ocr_line' id='line_1_30' title="bbox 85 3312 1133 3395; baseline 0.017 -29"><span class='ocrx_word' id='word_1_222' title='bbox 85 3312 271 3384; x_wconf 61' lang='lat' dir='ltr'>hulsterlo,</span> <span class='ocrx_word' id='word_1_223' title='bbox 292 3319 421 3392; x_wconf 74' lang='lat' dir='ltr'><strong>Apollinis</strong></span> <span class='ocrx_word' id='word_1_224' title='bbox 443 3320 574 3373; x_wconf 83' lang='lat' dir='ltr'>oreenlnnt</span> <span class='ocrx_word' id='word_1_225' title='bbox 623 3341 703 3386; x_wconf 82' lang='lat' dir='ltr'>num,</span> <span class='ocrx_word' id='word_1_226' title='bbox 718 3321 796 3395; x_wconf 86' lang='lat' dir='ltr'>bnjns</span> <span class='ocrx_word' id='word_1_227' title='bbox 808 3319 891 3375; x_wconf 73' lang='lat' dir='ltr'><strong>filium</strong></span> <span class='ocrx_word' id='word_1_228' title='bbox 902 3325 1010 3382; x_wconf 84' lang='lat' dir='ltr'>scribit:</span> <span class='ocrx_word' id='word_1_229' title='bbox 1028 3329 1133 3384; x_wconf 80' lang='lat' dir='ltr'>tlllsxi·</span> 
     </span>
     <span class='ocr_line' id='line_1_31' title="bbox 85 3389 1132 3482; baseline 0.013 -36"><span class='ocrx_word' id='word_1_230' title='bbox 85 3389 256 3468; x_wconf 73' lang='lat' dir='ltr'>interpretatus,</span> <span class='ocrx_word' id='word_1_231' title='bbox 277 3409 305 3449; x_wconf 86' lang='lat' dir='ltr'>nt</span> <span class='ocrx_word' id='word_1_232' title='bbox 324 3397 508 3464; x_wconf 71' lang='lat' dir='ltr'>Athenienses,</span> <span class='ocrx_word' id='word_1_233' title='bbox 532 3399 575 3451; x_wconf 83' lang='lat' dir='ltr'>etl-</span> <span class='ocrx_word' id='word_1_234' title='bbox 623 3421 665 3453; x_wconf 90' lang='lat' dir='ltr'>ma</span> <span class='ocrx_word' id='word_1_235' title='bbox 677 3399 787 3453; x_wconf 82' lang='lat' dir='ltr'>lacuntlo</span> <span class='ocrx_word' id='word_1_236' title='bbox 798 3399 840 3453; x_wconf 83' lang='lat' dir='ltr'>vel</span> <span class='ocrx_word' id='word_1_237' title='bbox 852 3419 919 3465; x_wconf 81' lang='lat' dir='ltr'>avo,</span> <span class='ocrx_word' id='word_1_238' title='bbox 936 3402 976 3455; x_wconf 81' lang='lat' dir='ltr'>vel</span> <span class='ocrx_word' id='word_1_239' title='bbox 994 3404 1075 3475; x_wconf 79' lang='lat' dir='ltr'>gloria</span> <span class='ocrx_word' id='word_1_240' title='bbox 1091 3429 1132 3482; x_wconf 87' lang='lat' dir='ltr'>pa·</span> 
     </span>
     <span class='ocr_line' id='line_1_32' title="bbox 85 3473 845 3532; baseline 0.008 -7"><span class='ocrx_word' id='word_1_241' title='bbox 85 3483 147 3525; x_wconf 75' lang='lat' dir='ltr'>tento</span> <span class='ocrx_word' id='word_1_242' title='bbox 155 3473 240 3528; x_wconf 80' lang='lat' dir='ltr'>Xenis</span> <span class='ocrx_word' id='word_1_243' title='bbox 249 3490 306 3527; x_wconf 82' lang='lat' dir='ltr'>enm</span> <span class='ocrx_word' id='word_1_244' title='bbox 316 3473 498 3530; x_wconf 82' lang='lat' dir='ltr'>innumerabili</span> <span class='ocrx_word' id='word_1_245' title='bbox 507 3495 575 3529; x_wconf 86' lang='lat' dir='ltr'>exer·</span> <span class='ocrx_word' id='word_1_246' title='bbox 625 3477 663 3532; x_wconf 87' lang='lat' dir='ltr'>tri.</span> <span class='ocrx_word' id='word_1_247' title='bbox 675 3499 689 3524; x_wconf 66' lang='lat' dir='ltr'>a</span> <span class='ocrx_word' id='word_1_248' title='bbox 700 3477 736 3530; x_wconf 83' lang='lat' dir='ltr'><strong>Ill.</strong></span> <span class='ocrx_word' id='word_1_249' title='bbox 747 3475 845 3532; x_wconf 80' lang='lat' dir='ltr'>Faber.</span> 
     </span>
     <span class='ocr_line' id='line_1_33' title="bbox 87 3545 1132 3623; baseline 0.01 -19"><span class='ocrx_word' id='word_1_250' title='bbox 87 3545 205 3605; x_wconf 70' lang='lat' dir='ltr'>tianensi</span> <span class='ocrx_word' id='word_1_251' title='bbox 214 3593 222 3621; x_wconf 87' lang='lat'>,</span> <span class='ocrx_word' id='word_1_252' title='bbox 232 3553 261 3606; x_wconf 92' lang='lat' dir='ltr'>in</span> <span class='ocrx_word' id='word_1_253' title='bbox 273 3573 352 3606; x_wconf 78' lang='lat' dir='ltr'>neres</span> <span class='ocrx_word' id='word_1_254' title='bbox 366 3571 393 3607; x_wconf 83' lang='lat' dir='ltr'>se</span> <span class='ocrx_word' id='word_1_255' title='bbox 409 3574 507 3623; x_wconf 78' lang='lat' dir='ltr'>susque</span> <span class='ocrx_word' id='word_1_256' title='bbox 516 3573 577 3608; x_wconf 85' lang='lat' dir='ltr'>eon·</span> <span class='ocrx_word' id='word_1_257' title='bbox 657 3557 681 3609; x_wconf 75' lang='lat'>3.</span> <span class='ocrx_word' id='word_1_258' title='bbox 695 3558 772 3610; x_wconf 73' lang='lat' dir='ltr'>Hom</span> <span class='ocrx_word' id='word_1_259' title='bbox 782 3558 955 3612; x_wconf 64' lang='lat' dir='ltr'>subtilitatem</span> <span class='ocrx_word' id='word_1_260' title='bbox 965 3565 1073 3616; x_wconf 79' lang='lat' dir='ltr'>actionis</span> <span class='ocrx_word' id='word_1_261' title='bbox 1081 3582 1132 3615; x_wconf 73' lang='lat' dir='ltr'>nors</span> 
     </span>
     <span class='ocr_line' id='line_1_34' title="bbox 87 3621 1131 3704; baseline 0.013 -25"><span class='ocrx_word' id='word_1_262' title='bbox 87 3621 163 3679; x_wconf 75' lang='lat' dir='ltr'>ferrent</span> <span class='ocrx_word' id='word_1_263' title='bbox 178 3651 184 3680; x_wconf 90' lang='lat'>:</span> <span class='ocrx_word' id='word_1_264' title='bbox 199 3651 289 3685; x_wconf 78' lang='lat' dir='ltr'>uxores</span> <span class='ocrx_word' id='word_1_265' title='bbox 304 3631 380 3704; x_wconf 76' lang='lat' dir='ltr'>igitur</span> <span class='ocrx_word' id='word_1_266' title='bbox 397 3653 454 3686; x_wconf 87' lang='lat' dir='ltr'>cum</span> <span class='ocrx_word' id='word_1_267' title='bbox 473 3630 575 3696; x_wconf 83' lang='lat' dir='ltr'>liberis,</span> <span class='ocrx_word' id='word_1_268' title='bbox 622 3634 787 3702; x_wconf 82' lang='lat' dir='ltr'>probabatin</span> <span class='ocrx_word' id='word_1_269' title='bbox 793 3635 914 3689; x_wconf 81' lang='lat' dir='ltr'>Latrone.</span> <span class='ocrx_word' id='word_1_270' title='bbox 923 3637 1074 3692; x_wconf 78' lang='lat' dir='ltr'>subtilitatis</span> <span class='ocrx_word' id='word_1_271' title='bbox 1081 3640 1131 3693; x_wconf 88' lang='lat' dir='ltr'>lau-</span> 
     </span>
     <span class='ocr_line' id='line_1_35' title="bbox 87 3710 1131 3782; baseline 0.011 -24"><span class='ocrx_word' id='word_1_272' title='bbox 87 3717 173 3775; x_wconf 70' lang='lat' dir='ltr'>qnqne</span> <span class='ocrx_word' id='word_1_273' title='bbox 186 3710 283 3763; x_wconf 80' lang='lat' dir='ltr'>moveri</span> <span class='ocrx_word' id='word_1_274' title='bbox 297 3723 397 3782; x_wconf 85' lang='lat' dir='ltr'>possent</span> <span class='ocrx_word' id='word_1_275' title='bbox 407 3711 493 3764; x_wconf 84' lang='lat' dir='ltr'>omnis</span> <span class='ocrx_word' id='word_1_276' title='bbox 505 3712 575 3766; x_wconf 84' lang='lat' dir='ltr'>Sala·</span> <span class='ocrx_word' id='word_1_277' title='bbox 626 3712 683 3764; x_wconf 82' lang='lat' dir='ltr'>&lt;lem</span> <span class='ocrx_word' id='word_1_278' title='bbox 694 3711 917 3766; x_wconf 81' lang='lat' dir='ltr'>vindieatLetroni</span> <span class='ocrx_word' id='word_1_279' title='bbox 928 3715 1023 3768; x_wconf 78' lang='lat' dir='ltr'>Seneca</span> <span class='ocrx_word' id='word_1_280' title='bbox 1032 3717 1131 3770; x_wconf 72' lang='lat' dir='ltr'>Prasat.</span> 
     </span>
     <span class='ocr_line' id='line_1_36' title="bbox 87 3781 1132 3846; baseline 0.009 -9"><span class='ocrx_word' id='word_1_281' title='bbox 87 3781 166 3837; x_wconf 73' lang='lat' dir='ltr'>&#39;tinum</span> <span class='ocrx_word' id='word_1_282' title='bbox 180 3788 329 3840; x_wconf 85' lang='lat' dir='ltr'>detulerunt.</span> <span class='ocrx_word' id='word_1_283' title='bbox 343 3789 441 3842; x_wconf 85' lang='lat' dir='ltr'>Sebott.</span> <span class='ocrx_word' id='word_1_284' title='bbox 624 3789 745 3843; x_wconf 84' lang='lat' dir='ltr'>Controv.</span> <span class='ocrx_word' id='word_1_285' title='bbox 756 3811 766 3843; x_wconf 94' lang='grc' dir='ltr'><strong>ι</strong></span> <span class='ocrx_word' id='word_1_286' title='bbox 778 3793 841 3843; x_wconf 83' lang='lat' dir='ltr'>Eam</span> <span class='ocrx_word' id='word_1_287' title='bbox 851 3805 934 3844; x_wconf 74' lang='lat' dir='ltr'>eutem</span> <span class='ocrx_word' id='word_1_288' title='bbox 942 3813 995 3846; x_wconf 91' lang='lat' dir='ltr'>non</span> <span class='ocrx_word' id='word_1_289' title='bbox 1003 3793 1132 3846; x_wconf 86' lang='lat' dir='ltr'>Divisioni</span> 
     </span>
     <span class='ocr_line' id='line_1_37' title="bbox 111 3857 1131 3940; baseline 0.007 -23"><span class='ocrx_word' id='word_1_290' title='bbox 111 3871 131 3910; x_wconf 78' lang='lat'>²·</span> <span class='ocrx_word' id='word_1_291' title='bbox 145 3860 289 3918; x_wconf 77' lang='lat' dir='ltr'>Passienus.</span> <span class='ocrx_word' id='word_1_292' title='bbox 306 3865 382 3919; x_wconf 84' lang='lat' dir='ltr'>Pater</span> <span class='ocrx_word' id='word_1_293' title='bbox 395 3867 509 3920; x_wconf 81' lang='lat' dir='ltr'>Passieni</span> <span class='ocrx_word' id='word_1_294' title='bbox 523 3887 576 3920; x_wconf 84' lang='lat' dir='ltr'>ora·</span> <span class='ocrx_word' id='word_1_295' title='bbox 625 3857 673 3920; x_wconf 76' lang='lat' dir='ltr'>bie&#39;</span> <span class='ocrx_word' id='word_1_296' title='bbox 692 3869 826 3922; x_wconf 72' lang='lat' dir='ltr'>Passienus</span> <span class='ocrx_word' id='word_1_297' title='bbox 846 3870 932 3923; x_wconf 86' lang='lat' dir='ltr'>tribuit</span> <span class='ocrx_word' id='word_1_298' title='bbox 953 3871 1041 3937; x_wconf 76' lang='lat' dir='ltr'>illius,</span> <span class='ocrx_word' id='word_1_299' title='bbox 1063 3873 1131 3940; x_wconf 84' lang='lat' dir='ltr'><strong>qnod</strong></span> 
     </span>
    </p>
   </div>
   <div class='ocr_carea' id='block_1_14' title="bbox 74 3937 1131 4020">
    <p class='ocr_par' dir='ltr' id='par_1_15' title="bbox 74 3937 1131 4020">
     <span class='ocr_line' id='line_1_38' title="bbox 74 3937 1131 4020; baseline 0.008 -25"><span class='ocrx_word' id='word_1_300' title='bbox 74 3937 147 4019; x_wconf 23' lang='lat' dir='ltr'>Uitru,</span> <span class='ocrx_word' id='word_1_301' title='bbox 161 3945 301 4020; x_wconf 55' lang='lat' dir='ltr'>Agrippia</span> <span class='ocrx_word' id='word_1_302' title='bbox 312 3947 424 4000; x_wconf 83' lang='lat' dir='ltr'>Neronis</span> <span class='ocrx_word' id='word_1_303' title='bbox 431 3948 531 4015; x_wconf 84' lang='lat' dir='ltr'>mariti,</span> <span class='ocrx_word' id='word_1_304' title='bbox 545 3948 575 4001; x_wconf 81' lang='lat' dir='ltr'>be</span> <span class='ocrx_word' id='word_1_305' title='bbox 624 3947 680 4016; x_wconf 85' lang='lat' dir='ltr'>quis</span> <span class='ocrx_word' id='word_1_306' title='bbox 698 3961 847 4018; x_wconf 75' lang='lat' dir='ltr'>exspectaret</span> <span class='ocrx_word' id='word_1_307' title='bbox 856 3977 868 4014; x_wconf 83' lang='lat'>,·</span> <span class='ocrx_word' id='word_1_308' title='bbox 881 3949 924 4000; x_wconf 85' lang='lat' dir='ltr'>sed</span> <span class='ocrx_word' id='word_1_309' title='bbox 935 3949 1035 4002; x_wconf 82' lang='lat' dir='ltr'>actioni.</span> <span class='ocrx_word' id='word_1_310' title='bbox 1045 3950 1112 4019; x_wconf 80' lang='lat' dir='ltr'>Quia</span> <span class='ocrx_word' id='word_1_311' title='bbox 1124 3991 1131 4019; x_wconf 88' lang='lat'>,</span> 
     </span>
    </p>
   </div>
   <div class='ocr_carea' id='block_1_15' title="bbox 88 4017 1134 4251">
    <p class='ocr_par' dir='ltr' id='par_1_16' title="bbox 88 4017 1134 4251">
     <span class='ocr_line' id='line_1_39' title="bbox 88 4017 1134 4100; baseline 0.006 -23"><span class='ocrx_word' id='word_1_312' title='bbox 88 4031 127 4081; x_wconf 86' lang='lat' dir='ltr'>quo</span> <span class='ocrx_word' id='word_1_313' title='bbox 145 4017 174 4077; x_wconf 68' lang='grc' dir='ltr'>Β.</span> <span class='ocrx_word' id='word_1_314' title='bbox 191 4021 364 4100; x_wconf 73' lang='lat' dir='ltr'>Hieronymus</span> <span class='ocrx_word' id='word_1_315' title='bbox 385 4025 416 4076; x_wconf 82' lang='lat' dir='ltr'>etl</span> <span class='ocrx_word' id='word_1_316' title='bbox 438 4027 576 4080; x_wconf 82' lang='lat' dir='ltr'>Eusebium</span> <span class='ocrx_word' id='word_1_317' title='bbox 625 4039 747 4096; x_wconf 80' lang='lat' dir='ltr'>qnantum</span> <span class='ocrx_word' id='word_1_318' title='bbox 770 4029 861 4092; x_wconf 80' lang='lat' dir='ltr'>credo,</span> <span class='ocrx_word' id='word_1_319' title='bbox 875 4029 988 4081; x_wconf 82' lang='lat' dir='ltr'>membra</span> <span class='ocrx_word' id='word_1_320' title='bbox 1001 4030 1134 4084; x_wconf 80' lang='lat' dir='ltr'>divisionis</span> 
     </span>
     <span class='ocr_line' id='line_1_40' title="bbox 88 4089 1131 4182; baseline 0.007 -28"><span class='ocrx_word' id='word_1_321' title='bbox 88 4089 241 4173; x_wconf 50' lang='lat' dir='ltr'>‘hp-192,</span> <span class='ocrx_word' id='word_1_322' title='bbox 252 4103 306 4158; x_wconf 70' lang='lat' dir='ltr'>ber</span> <span class='ocrx_word' id='word_1_323' title='bbox 318 4105 408 4156; x_wconf 85' lang='lat' dir='ltr'>rel&#39;ert:</span> <span class='ocrx_word' id='word_1_324' title='bbox 419 4125 434 4150; x_wconf 75' lang='lat' dir='ltr'>s</span> <span class='ocrx_word' id='word_1_325' title='bbox 442 4104 582 4158; x_wconf 79' lang='lat' dir='ltr'>Passienus·</span> <span class='ocrx_word' id='word_1_326' title='bbox 626 4108 697 4176; x_wconf 80' lang='lat' dir='ltr'>quasi</span> <span class='ocrx_word' id='word_1_327' title='bbox 705 4107 784 4168; x_wconf 84' lang='lat' dir='ltr'>tollit,</span> <span class='ocrx_word' id='word_1_328' title='bbox 807 4119 831 4158; x_wconf 85' lang='lat' dir='ltr'>et</span> <span class='ocrx_word' id='word_1_329' title='bbox 848 4119 899 4160; x_wconf 82' lang='lat' dir='ltr'>arte</span> <span class='ocrx_word' id='word_1_330' title='bbox 917 4107 1020 4160; x_wconf 81' lang='lat' dir='ltr'>aetionis</span> <span class='ocrx_word' id='word_1_331' title='bbox 1032 4110 1131 4182; x_wconf 82' lang='lat' dir='ltr'>propria</span> 
     </span>
     <span class='ocr_line' id='line_1_41' title="bbox 89 4177 850 4251; baseline 0.009 -25"><span class='ocrx_word' id='word_1_332' title='bbox 89 4181 159 4238; x_wconf 63' lang='lat' dir='ltr'>rm,</span> <span class='ocrx_word' id='word_1_333' title='bbox 179 4177 328 4233; x_wconf 60' lang='lat' dir='ltr'>semenator</span> <span class='ocrx_word' id='word_1_334' title='bbox 348 4179 478 4251; x_wconf 70' lang='lat' dir='ltr'>insignis,</span> <span class='ocrx_word' id='word_1_335' title='bbox 509 4183 576 4234; x_wconf 83' lang='lat' dir='ltr'>diem</span> <span class='ocrx_word' id='word_1_336' title='bbox 627 4184 739 4236; x_wconf 81' lang='lat' dir='ltr'>occultat.</span> <span class='ocrx_word' id='word_1_337' title='bbox 753 4183 850 4236; x_wconf 77' lang='lat' dir='ltr'>Schutt.</span> 
     </span>
    </p>
   </div>
   <div class='ocr_carea' id='block_1_16' title="bbox 0 0 1451 4816">
    <p class='ocr_par' dir='ltr' id='par_1_17' title="bbox 0 0 1451 4816">
     <span class='ocr_line' id='line_1_42' title="bbox 0 0 1451 4816; baseline 0 0"><span class='ocrx_word' id='word_1_338' title='bbox 0 0 1451 4816; x_wconf 95' lang='lat' dir='ltr'> </span> 
     </span>
    </p>
   </div>
  </div>
 </body>
</html>
