2894 4784
298 359 363 424 612
621 361 667 424 M.
693 347 838 426 ANNAEI
861 358 1038 436 SENECAE

577 643 994 751 DECLAMATIO
1026 665 1081 752 V.

497 869 759 919 assumtus
786 869 834 918 ET
861 870 1154 920 PROHE'I'HBUS.

627 1035 800 1116 Reipublicn
812 1035 881 1096 insa
894 1038 932 1094 sit
944 1038 1026 1096 actio.

166 1169 168 1176 '
298 1165 486 1234 Parrhasias,
501 1165 593 1243 pictor
605 1163 798 1234 Athenionis,
814 1186 897 1247 qzmm
916 1165 1198 1248 Philippnrcaptthos
1216 1169 1353 1251 Olynthios

336 1265 477 1334 rederet,
502 1266 570 1324 emit
590 1285 672 1325 unum
693 1286 796 1324 senem.
819 1263 949 1326 Athenas
965 1267 1116 1346 perone,
1141 1268 1243 1329 deusde
1270 1272 1349 1330 torni.

299 1365 303 1376 “
338 1365 388 1425 Aa
406 1365 554 1444 exemplar
567 1364 647 1433 torti,
664 1362 859 1422 Prometheum
868 1365 965 1443 pthnit
975 1375 995 1422 ¹.
1012 1363 1163 1444 Olynthius
1175 1367 1206 1426 t'n
1219 1369 1351 1427 tomuh's

335 1464 438 1543 penit,
457 1463 505 1523 ille
520 1463 663 1540 intemplo
678 1460 816 1522 Minerva
838 1463 963 1522 niutan
982 1464 1083 1542 posut't.
1103 1465 1264 1526 Accianus·
1283 1467 1350 1526 lm

337 1560 453 1640 anast.

676 1692 984 1761 (messanenses.)

347 1829 650 1901 DECLAMATIO.
663 1829 770 1898 Senex
779 1825 1115 1900 abstractusaliberis
1125 1849 1353 1926 snperexnstn

299 1950 415 2042 patria
432 1948 581 2014 cinerem
597 1947 687 2013 stetit
704 1971 711 2012 :
727 1943 772 2014 ad
789 1946 1001 2038 figurandum
1020 1947 1258 2016 Prometheum
1278 1951 1352 2016 satis

185 2139 191 2152 ,
299 2065 404 2132 tristis
420 2079 482 2130 est.
499 2063 622 2142 Nemo,
646 2076 683 2129 ut
699 2062 910 2152 naufragium
925 2059 1099 2157 pingeret,
1118 2065 1236 2133 mersit
1249 2067 1351 2135 homi·

299 2203 390 2247 nem.
406 2177 529 2246 Ultima
540 2174 697 2268 'Olynthii
712 2179 861 2269 precatio
878 2179 941 2246 tuit
956 2205 965 2246 ε
980 2175 1097 2248 Redde
1112 2205 1165 2248 me
1180 2179 1347 2275 Philippo.

300 2295 436 2374 Servus,
454 2277 583 2383 iuquit,
600 2313 693 2359 meus
705 2291 781 2360 fuit.
796 2294 896 2361 Putes
907 2294 1102 2389 Philippum
1116 2295 1224 2387 loqui.
1239 2295 1348 2364 AEdem

300 2411 461 2476 Minervae
485 2406 632 2500 fugimus
655 2421 813 2500 tanquam
834 2423 942 2477 eastra
959 2409 1195 2478 Macedonum.
1211 2413 1347 2488 Parum,

300 2523 430 2615 idquit,
456 2524 560 2592 tristis
583 2538 645 2592 est.
669 2523 801 2614 Aliquis
820 2523 1001 2617 Olynthius
1019 2549 1137 2618 parum
1157 2526 1265 2593 tristis
1285 2525 1350 2591 esti

298 2641 374 2721 Vis,
400 2638 578 2721 Parrhasi,
600 2634 731 2707 tristem
747 2637 883 2722 videre,
905 2638 971 2708 duc
992 2639 1085 2707 illum
1105 2639 1149 2707 ad
1167 2639 1350 2734 Olynthum

295 2749 476 2847 jacentem.
504 2755 578 2822 Scis
603 2769 716 2840 certe,
745 2778 845 2846 quam
869 2757 998 2823 tristem
1023 2757 1157 2824 emeris.
1183 2753 1351 2848 Olynthiis

298 2871 419 2938 urbem
431 2870 623 2961 aperuimus
631 2919 642 2953 ,
658 2868 782 2963 templa
795 2871 1036 2963 praelusimus.
1054 2873 1158 2939 Nemo
1172 2869 1352 2964 Olynthius

299 2999 405 3052 tortus
422 2998 528 3068 esset,
554 2986 582 3051 si
606 3008 719 3053 omnes
748 2985 824 3055 illos
849 2985 1050 3054 Macedones
1070 2985 1241 3054 emissent.
1263 2987 1352 3052 Tor-

302 3099 464 3191 queatnr{
486 3097 553 3168 hoc
574 3083 638 3168 dec
655 3100 717 3168 sub
734 3099 904 3196 Philippo.
925 3101 1111 3187 Moriatur3
1129 3099 1196 3169 hoc
1213 3122 1278 3167 nec
1295 3099 1353 3167 snb

299 3217 393 3283 Jove.
412 3215 468 3284 Sic
481 3214 544 3282 iste
557 3214 732 3305 hospitalis
744 3214 906 3306 Olynthio
920 3213 996 3281 luit.
1012 3215 1084 3283 Hoc
1097 3229 1146 3281 est
1158 3211 1354 3282 Promethea

299 3332 428 3414 facere,
448 3354 516 3400 non
533 3331 688 3422 pingere.
706 3332 802 3412 Emi,
820 3331 950 3422 inquit3
971 3331 1071 3397 immo
1090 3329 1119 3395 si
1141 3327 1354 3396 Atheniensis

299 3464 355 3526 es,
375 3441 559 3510 redemisti.
583 3442 624 3510 In
645 3443 709 3510 isto
732 3436 855 3533 templo
874 3465 936 3534 pro
959 3442 1130 3532 Olynthiis
1147 3455 1222 3509 vota
1241 3463 1355 3508 susoc-

298 3557 422 3652 pimus.
450 3556 511 3625 Ille
537 3555 688 3625 carnifex
710 3557 846 3626 Graeoioe
866 3559 966 3624 istum
992 3573 1102 3625 tamen
1124 3580 1192 3624 non
1214 3555 1355 3649 amplius

298 3699 399 3766 quam
412 3671 579 3741 vendidit.
593 3672 798 3744 Producitur
813 3672 936 3741 nobilis
949 3695 1069 3759 senex,
1085 3671 1189 3767 longa
1205 3673 1357 3741 miseris-

298 3817 373 3860 rum
390 3791 468 3859 tabe
490 3789 682 3875 conlectus,
711 3805 745 3857 et
769 3805 836 3857 tam
859 3791 986 3872 tristis,
1005 3813 1104 3881 quam
1120 3791 1149 3855 si
1158 3790 1229 3880 jam
1251 3805 1355 3857 tortus

317 4031 320 4038 ,
333 3989 404 4056 ,Aa
408 3989 545 4055 exemplar
551 3985 810 4055 rontpmmotmm‘
855 3985 1079 4038 (immunita-Et
1088 3986 1129 4038 ed·
1138 3983 1195 4056 Bip.
1207 3983 1278 4037 dedit
1289 3983 1357 4037 Prn-

295 4073 395 4138 pinxr'l.
406 4068 546 4122 Membran.
557 4067 629 4118 Voss.
640 4063 804 4118 Pmmetlten.
852 4063 959 4116 methed.
