2874 4768
327 455 391 520 602
647 455 694 518 M.
719 453 863 520 ANNAEI
884 452 1063 518 SENECAE

600 715 1017 874 osansnsrro
1048 757 1102 842 v,

279 999 282 1006 ι
416 973 647 1022 rnlvlartus
676 975 726 1022 AB
755 974 838 1023 ΗΟ
872 968 1031 1022 straus
1063 973 1284 1026 novancAE.

731 1124 774 1181 De
788 1124 817 1180 vi
831 1124 868 1181 sit
881 1124 967 1184 totio.

329 1248 626 1334 Qut'damduosfiltbs
644 1252 695 1312 snb
710 1272 825 1312 nonem
843 1252 955 1322 ambil,
973 1252 1072 1333 dubiis.
1084 1254 1231 1314 cruditatis
1249 1264 1278 1313 et
1292 1255 1390 1314 matt

307 1339 310 1345 ¹
362 1352 456 1428 stpnr's.
484 1349 720 1432 Tembmfiltism
748 1372 815 1412 aous
836 1354 1106 1431 masennsrapun,
1130 1354 1182 1435 qnt'
1202 1354 1385 1414 adm

363 1458 473 1528 nepotes
480 1469 567 1526 apros
580 1445 894 1534 nonfiserat'odmsssus.
913 1446 1061 1529 Quaerenti
1065 1453 1146 1530 patri
1150 1473 1205 1532 per
1214 1471 1380 1532 monnau.

362 1547 439 1606 dt‘nr't
450 1548 527 1626 apud
538 1569 569 1606 se
582 1569 649 1607 esse.
665 1545 824 1608 Accusatur
834 1549 869 1608 de
884 1551 921 1620 οἱ.

656 1719 711 1786 (Ex
723 1721 841 1772 controv.
855 1719 884 1782 5,
897 1720 940 1772 lib.
954 1721 1037 1788 vm.)

371 1885 675 1956 DECLAMA'I'IO.
705 1886 816 1955 Habui
842 1886 971 1972 filiam,
999 1887 1151 1979 quamvis
1176 1913 1266 1978 unus
1292 1891 1383 1958 lilius

323 2003 484 2094 supersit,
500 2000 684 2072 loecundam
697 2001 806 2094 :apud
818 2025 871 2070 mo
881 2002 1050 2070 nutriatur
1060 1999 1145 2070 sine.
1158 2001 1255 2092 Quid
1266 2003 1391 2072 timesl'

325 2139 368 2184 ne
377 2140 446 2185 non
453 2117 646 2200 admittam,
665 2143 768 2210 quum
781 2120 940 2187 veneris?
952 2122 1026 2187 Nou
1036 2122 1159 2210 qnaeris
1173 2121 1277 2201 filios,
1295 2144 1381 2212 qnos

323 2231 501 2325 perdidisti
529 2259 536 2298 ε
564 2257 663 2326 quem
687 2258 756 2329 non
778 2233 982 2326 perdidisti,
1011 2236 1143 2327 quaeris.
1171 2239 1271 2304 Pater
1287 2260 1310 2303 a
1328 2259 1379 2304 me

325 2372 429 2418 unum
448 2351 590 2441 repetit,
610 2373 671 2443 ego
689 2349 773 2418 duas
791 2373 811 2416 a
827 2366 935 2443 patre.
957 2349 1037 2418 Plus
1056 2349 1165 2418 habeo
1186 2349 1275 2442 qnod
1293 2375 1379 2434 avo,

225 2467 228 2472 ’
268 2483 270 2488 ·
324 2488 422 2557 quam
446 2465 537 2557 quod
560 2491 617 2537 reo
643 2467 828 2536 timendum
851 2468 906 2535 sit.
925 2466 1010 2533 Veni
1031 2464 1075 2533 ad
1090 2481 1288 2560 aegrotantes
1313 2491 1382 2535 ne-

319 2597 414 2674 potes
431 2609 438 2648 :
454 2580 616 2652 admissus
639 2607 706 2651 nou
730 2607 826 2666 sum,
854 2583 927 2650 hsec
946 2605 1027 2650 vera
1044 2584 1094 2650 vis
1112 2581 1189 2649 fuit.
1212 2581 1314 2650 Nulla
1328 2586 1384 2651 vis

320 2713 388 2782 est,
408 2723 483 2790 quae
497 2721 607 2777 arma,
628 2721 795 2790 pugnam,
817 2697 955 2766 vulnera
975 2721 1043 2764 non
1060 2696 1191 2764 habuit.
1211 2697 1382 2765 Describe

319 2813 415 2882 istius
429 2814 619 2882 comitatum
635 2813 814 2900 tumultus3
826 2837 917 2881 unus
932 2828 1002 2896 est,
1023 2829 1057 2881 et
1072 2819 1163 2882 unus
1175 2816 1284 2881 senex.
1303 2813 1382 2881 Ra-

321 2929 441 3020 puisti,
466 2930 595 3021 iuquit,
619 2931 727 2998 filium
754 2954 881 3018 meum3
902 2931 1002 2998 immo
1019 2945 1173 3023 nepotem
1191 2953 1301 2997 metm
1317 2953 1382 2998 sn·

320 3041 399 3112 stuli
418 3070 426 3108 :
446 3045 546 3110 immo
570 3047 760 3113 venientem
779 3068 849 3112 non
865 3046 959 3137 potui
983 3040 1173 3110 excludere.
1199 3044 1254 3111 Sic
1276 3045 1384 3134 cujus

320 3155 483 3225 obsessam
500 3159 686 3227 latronibus
703 3176 829 3228 armata
849 3183 948 3226 mann
969 3160 1167 3251 conjugem,
1184 3158 1380 3250 liberosque

320 3273 493 3363 rapuisset.
514 3272 615 3362 Quod
636 3273 719 3340 vivit
743 3297 847 3367 puer,
871 3272 1074 3340 beneficium
1096 3272 1162 3337 erit
1187 3293 1311 3338 meum.
1337 3275 1380 3338 Et

319 3389 441 3455 medici
457 3389 615 3481 alligant,
635 3406 668 3456 et
681 3389 879 3482 corporibus
892 3389 1015 3455 nostris
1036 3388 1071 3455 vi
1091 3386 1278 3454 medentur.
1294 3389 1378 3454 Non

320 3517 428 3593 potest
440 3525 568 3570 mecum
579 3525 694 3594 agere,
708 3519 952 3593 tanquam'cnm
966 3503 1089 3569 alieno.
1106 3500 1216 3568 Habet
1228 3500 1379 3590 suajura

318 3635 449 3686 natura.
468 3622 508 3686 Et
528 3618 594 3685 hoo
615 3621 705 3708 inter
717 3635 844 3711 patrem
863 3635 897 3687 et
910 3643 1006 3686 avum
1026 3620 1182 3698 interest,
1203 3617 1293 3708 quod
1309 3639 1378 3686 avo

317 3757 450 3803 servare
473 3734 551 3801 licet
573 3757 669 3818 suos,
692 3733 779 3826 patri
803 3751 836 3800 et
858 3733 1027 3804 occidere.
1051 3733 1138 3824 Quae
1155 3746 1207 3800 est
1226 3733 1289 3799 ista
1303 3747 1377 3800 tam

311 3873 389 3917 sera
407 3849 533 3940 pietas,
549 3862 615 3913 tam
632 3849 859 3941 praeposterai'
879 3869 1031 3939 quaerere
1048 3863 1123 3913 tuos
1135 3870 1156 3912 a
1170 3845 1269 3913 tertio
1283 3845 1379 3913 inci-

315 3966 379 4058 pis.
397 3965 562 4057 Quisquis
580 3986 684 4056 puero
697 3963 800 4047 favit,
817 3987 859 4029 ne
871 3961 1080 4029 inveniretur
1093 3960 1231 4051 optavit.

360 4152 470 4238 PARS
490 4151 680 4221 ALTERA.
699 4155 773 4222 Non
788 4166 826 4218 nt
838 4167 994 4242 nepotem
1009 4161 1176 4231 servaret,
1194 4147 1292 4230 lecit,
1310 4145 1374 4214 sed
