2876 4804
6 2665 8 2682 l

6 2691 8 2703 r

7 2719 9 2732 ι

8 2741 11 2758 Ι

397 274 539 342 ANDR.
565 273 807 342 SCHOTTUS.
1093 276 1137 344 23

72 394 158 484 apud
169 395 330 478 Noricos,
347 411 409 462 aut
420 393 567 460 funditus
586 393 715 482 periret
730 390 876 458 Tandem
894 392 1084 481 aliquando,
1106 413 1139 462 tc

75 502 242 584 hortante,
256 503 402 568 maxime
418 501 520 590 Lipsi,
533 501 620 566 exire
636 500 738 590 patiar
755 499 893 564 nominis
912 499 961 562 tui
980 501 1138 590 auspicio,

76 631 145 696 qua
160 608 301 674 sedecim
318 608 435 690 annis,
448 623 480 672 et
492 605 582 695 quod
594 605 751 689 excurrit,
763 620 924 694 perpetuo
937 629 1114 695 presseram
1127 659 1135 692 ,

75 713 193 782 diutius
206 737 284 780 sanc
302 737 407 803 quam
428 713 482 780 rel
503 701 737 804 Panegyricum
760 711 931 794 Isocrates,
955 729 1014 778 aut
1034 713 1147 790 Cinna¹

73 818 220 908 Smyram
240 817 343 889 domo
366 837 577 887 asseruerunt
601 818 775 908 Quodque*
792 817 885 896 milri,
895 830 927 882 et
943 813 1134 886 interiorum

74 917 189 989 barum
199 917 955 1007 litterammetauctorverbo,atqueepistolis‚
985 903 1134 1006 δαδοῦχος

74 1049 153 1092 vero
176 1027 328 1118 exemplo
345 1026 503 1108 extiteris,
519 1041 551 1090 et
569 1026 771 1112 conjecturas
785 1027 938 1115 quasdam
954 1015 1071 1094 nostris
1082 1027 1135 1092 ad-

71 1129 193 1198 dadas
205 1132 454 1222 perhumaniter
463 1129 683 1222 suppeditatis,
691 1153 793 1218 quum
801 1153 855 1197 eos
869 1133 968 1200 libros
980 1134 1148 1224 attingere.

69 1237 752 1328 tenolleaffirmares,profectojustacausa
763 1238 828 1302 visa
837 1240 926 1305 estin
935 1258 994 1305 tuo
1003 1239 1143 1305 nomine

67 1343 139 1411 baec
162 1344 335 1435 evulgandi
348 1367 357 1410 ε
369 1367 474 1434 quum
485 1387 489 1397 -
500 1359 532 1408 et
556 1343 714 1408 Martinus
727 1342 856 1408 Dehius
882 1345 1005 1436 collega
1020 1368 1112 1410 meus
1122 1393 1145 1427 „

66 1458 178 1522 multae
192 1459 297 1523 homo
311 1458 475 1539 lectionis,
490 1480 560 1522 suas
575 1457 608 1520 in
624 1456 777 1522 Senecam
794 1459 950 1548 tragicum
992 1447 1132 1548 δευτέρας

64 1560 234 1660 φροντίδας
276 1573 336 1640 tibi
362 1570 580 1637 inscribendas
601 1572 802 1640 existimarit:
814 1590 851 1639 tu
863 1573 1004 1665 denique
1015 1574 1049 1640 L.
1063 1576 1131 1640 An·

61 1681 363 1761 mumSenecam,
380 1679 524 1744 Stoicum
543 1671 774 1768 philosophum
797 1682 924 1772 egregie
948 1679 1143 1757 ornandum,

62 1789 266 1875 susceperis,
280 1808 385 1874 usque
393 1809 411 1850 a
420 1785 522 1873 capite
533 1783 646 1862 Stoicae
651 1786 781 1860 familiar
786 1787 935 1878 dogrnata
940 1812 1043 1877 quum
1050 1789 1131 1879 phy-

62 1890 150 1972 sica,
161 1907 236 1956 tum
252 1892 369 1956 Ethica
383 1913 560 1973 arcessens,
582 1892 658 1956 haec
666 1891 798 1980 quidem
811 1915 851 1958 ex
871 1894 1035 1983 Epicteto,
1051 1897 1130 1981 ejus

61 2017 133 2084 que
146 1997 383 2086 interpretibus
396 1996 552 2079 Arriano,
563 2020 601 2062 ac
614 1997 794 2085 Simplicio,
806 1998 980 2064 Plutarcho
992 2001 1068 2064 item
1080 1997 1131 2064 ad·

4 2129 5 2187 3
58 2122 179 2168 versus
194 2103 353 2184 Coloten,
371 2103 524 2168 Musonio
547 2102 634 2192 apud
654 2103 834 2188 Stobaeum,
854 2105 1017 2170 Ciceronis
1037 2127 1138 2192 para.

5 2237 6 2252 2
58 2206 176 2276 doxis:
187 2211 241 2276 illa
252 2233 334 2276 vero
347 2232 387 2276 ex
398 2209 577 2275 Cleomedis
587 2211 861 2300 meteorologicis,
874 2228 1012 2301 utraque
1021 2227 1128 2276 autem

4 2384 5 2421 ,
61 2337 105 2380 ex
121 2315 250 2383 Seneca
263 2318 351 2406 ipso,
367 2333 399 2381 et
413 2317 568 2406 Epitomae
582 2317 652 2381 vice
672 2317 855 2410 eDiogenis
872 2317 989 2384 Laertii
997 2319 1128 2382 Zenone

4 2428 6 2448 '¹
60 2443 236 2490 revocans.
252 2423 331 2507 Quo
344 2421 416 2504 fiet,
430 2439 467 2487 ut
478 2415 579 2488 Galba
591 2411 718 2506 nostra,
729 2425 815 2514 proh
830 2422 951 2502 dolorl

207 2556 335 2629 Belgica,
346 2556 420 2612 civili
430 2557 545 2611 nimium
556 2569 679 2630 quassata
689 2557 820 2628 tumultu,

64 2701 204 2772 Senecas
217 2701 305 2770 duos
319 2702 478 2766 illustrare
490 2700 584 2778 tubas
597 2703 681 2766 inter
696 2719 728 2767 et
747 2719 899 2794 tympana
921 2717 1035 2768 conata
1058 2722 1125 2768 esse

9 2853 11 2887 ἱ
66 2809 215 2875 rideatur
229 2833 239 2874 :
253 2825 308 2890 tu,
324 2806 423 2897 Belgii
443 2807 578 2890 ocellus,
593 2807 708 2894 filium,
724 2809 868 2875 Stoicum
879 2809 1128 2899 philosophum,

11 2920 13 2940 l

12 2955 14 2968 ι

13 2979 15 2998 l

17 3125 19 3170 l

18 3171 21 3228 l

69 2913 224 2980 narinus
239 2914 371 2980 Delrius
383 2911 534 2978 eumdem
544 2917 717 3004 tragicum,
728 2939 789 2980 nos
803 2915 943 3004 denique
959 2929 1126 3004 parentem

71 3029 265 3112 Rhetorem,
278 3029 364 3093 fatali
376 3027 514 3117 quadam
537 3024 729 3116 superaderat,
742 3047 773 3096 et
784 3055 886 3122 quum
897 3033 976 3120 pari,
983 3047 1052 3096 tum
1068 3027 1128 3093 dis-

73 3139 135 3226 pari
146 3138 320 3225 utriusque
332 3157 417 3200 casu.
430 3135 637 3208 Illisenectus
648 3135 820 3204 oculorum
833 3139 935 3203 aciem
943 3135 1123 3218 retudemt,

20 3238 25 3326 l
76 3245 191 3309 aurium
217 3265 352 3309 sensum
374 3242 561 3323 hebetarat,
592 3244 844 3332 memoriamque
870 3241 966 3308 fidam
990 3243 1124 3306 nimium
1213 3291 1220 3308 .

10 4047 18 4113 l

81 3369 222 3438 quantum
235 3366 332 3416 antea
341 3345 510 3414 afflixerat:
522 3350 589 3438 ipse
601 3373 733 3438 quoque
745 3375 850 3440 nuper
864 3351 905 3416 ab
921 3351 1020 3428 oculis
1036 3371 1121 3438 teger

81 3455 211 3523 laborare
227 3457 330 3546 coepi,
344 3456 411 3520 sive
422 3456 518 3520 aetatis
535 3455 624 3520 melae
639 3455 672 3520 id
684 3455 797 3520 vitium
813 3472 875 3538 est,
890 3457 956 3520 sive
968 3456 1064 3520 lectio
1080 3479 1125 3519 as·

86 3563 155 3632 sidua
176 3565 309 3630 luminis
324 3563 425 3628 aciem
438 3561 671 3628 hebetavit:sic
691 3578 803 3630 contra
818 3562 914 3628 audio
932 3563 1033 3645 bene,
1056 3583 1123 3636 mee

88 3673 227 3762 monaque
236 3671 272 3735 in
285 3669 400 3759 primis
411 3669 728 3758 viget.Testahuntur
742 3669 776 3735 id
789 3669 922 3734 fortasse
938 3669 974 3734 V
970 3671 1025 3733 itae
1042 3691 1126 3732 eom-

84 3794 183 3864 paratoe
197 3775 389 3845 Arritotelis
407 3797 448 3838 ac
461 3775 693 3860 Demosthenis,
704 3799 810 3866 nuper
828 3777 973 3866 auspiciis
988 3775 1033 3841 bl
1049 3774 1120 3839 Vel-

88 3887 129 3948 sen'
138 3885 170 3954 V.
184 3885 230 3951 Cl.
249 3880 441 3950 communis
456 3881 547 3946 amici
562 3882 723 3972 evulgatur.
738 3883 957 3966 Quamobrem
970 3896 1004 3944 te
1024 3881 1127 3954 etium²

87 4008 156 4080 alque
170 3995 266 4059 maru
282 4011 371 4078 rogo
384 3986 608 4076 obtestorque,
622 3987 724 4078 Lipsi,
742 4003 778 4053 ut
797 3991 854 4054 has
866 4004 988 4054 nostras
1002 3985 1137 4076 vigilias,
