2894 4784
286 323 352 406 614
608 320 656 384 Μ.
682 319 823 387 murra
847 317 1025 386 sunnon
1135 313 1138 318 ’

471 738 476 747 ¹
551 627 976 738 unoututrro
1004 629 1089 736 vt

491 833 568 890 ΠΗ(
599 841 844 890 accust'rou
875 839 1144 890 Puontrottts.

426 1010 597 1092 injuriarum
616 1013 652 1070 sit
677 1012 759 1068 actio.
780 1009 837 1084 Fur
860 975 995 1070 concione
1016 1009 1210 1090 prohibentur.

294 1167 427 1248 Qur'dnm'
440 1185 522 1248 quum
545 1166 654 1225 dudem
678 1164 1023 1242 accnmssetprodz'tionis,
1041 1176 1122 1248 metra
1134 1167 1272 1244 ραι-ἰαιω
1292 1165 1352 1244 ejus
1425 1219 1427 1230 ,

329 1264 465 1346 msam,
479 1261 1351 1344 usmatum‚atsqwmmoeemtathoseitmttum.m

323 1367 413 1440 suue-
427 1367 576 1425 damnans
598 1375 641 1424 est
653 1363 737 1423 dtus.
762 1361 856 1441 Quum
877 1363 1039 1424 waimari
1058 1364 1141 1422 etta
1158 1373 1315 1432 acaum,
1330 1381 1350 1421 a

333 1467 497 1542 magistratu
504 1463 660 1542 prohibitus
669 1473 721 1521 est.
736 1463 804 1540 Agit
814 1461 989 1542 dy'udamm.

664 1639 716 1704 (ax
728 1611 814 1687 cons.
826 1638 859 1700 e,
871 1636 915 1686 ru.
928 1637 979 1702 x.)
997 1651 1003 1664 ·

344 1799 649 1872 DECLAMATIO.
663 1799 703 1868 Id
713 1801 818 1868 solum
829 1801 965 1880 sustuli,
978 1799 1068 1892 quod
1081 1800 1136 1868 fnr
1147 1801 1350 1894 reliquisset.

297 1916 392 1984 Nihil
413 1917 518 2009 magis
540 1918 594 1984 fur
613 1917 730 1998 timui,
749 1939 848 2008 quam
866 1937 911 1984 ne
929 1909 1084 1984 dominus
1097 1915 1226 1984 furtum
1244 1942 1351 2012 agno-

299 2054 393 2098 scere
419 2031 535 2098 noliet.
562 2033 728 2098 Ruentem
756 2031 900 2116 civitatis
929 2045 1067 2117 statum,
1092 2033 1194 2100 unius
1216 2035 1351 2125 perietis

299 2144 397 2209 ruina
415 2138 601 2236 suspendit.
630 2142 795 2211 Profiteor
821 2141 985 2210 indicium
1012 2144 1093 2211 furti
1120 2147 1210 2230 mei3
1239 2147 1351 2214 civitas

284 2260 432 2326 'conscio
448 2274 510 2326 est.
530 2257 670 2324 Furtum
685 2273 754 2343 est,
771 2258 863 2350 quod
881 2261 977 2327 timet
989 2245 1143 2329 dominus
1155 2263 1351 2353 agnoscere?

302 2371 392 2463 quod
406 2369 649 2465 quiperdidit‚
665 2372 866 2464 supplicium
881 2370 958 2440 tulit
971 2401 979 2440 :
992 2377 1186 2466 praemium,
1208 2379 1267 2468 qui
1281 2401 1351 2445 sur-

302 2487 430 2582 ripuit?
447 2488 510 2557 Cui
529 2490 634 2582 magis
649 2486 859 2582 permisisses
879 2489 992 2580 loqui,
1015 2492 1043 2555 si
1068 2489 1185 2557 eodem
1207 2507 1348 2584 tempore

302 2621 336 2670 et
362 2603 417 2671 fur
442 2604 585 2672 venisset
607 2620 643 2670 et
663 2601 843 2670 dominus?
867 2595 961 2688 Mille
987 2589 1122 2673 navium
1145 2605 1250 2674 duces
1268 2606 1348 2674 furto

204 2733 206 2738 '
293 2719 441 2814 'Trojam
458 2720 605 2813 cepistis.
622 2717 763 2788 sthene
782 2718 870 2786 forto
886 2734 1084 2786 evertuntur
1097 2719 1215 2800 urbes,
1233 2737 1349 2812 quanto

304 2835 424 2903 melius
442 2834 654 2903 liberantur?
669 2835 709 2902 In
734 2834 843 2902 forum
861 2836 982 2914 veni'‚
1006 2837 1141 2902 narravi
1160 2852 1349 2904 nocturnam

305 2949 551 3044 expeditionem
575 2973 695 3040 meam.
724 2951 959 3018 Convenerunt
982 2973 1115 3033 omnes,
1137 2968 1295 3043 tanquam
1312 2947 1350 3019 sd

306 3070 514 3137 concionem.
533 3069 604 3136 Cur
618 3087 671 3133 me
685 3065 859 3134 submoves
875 3082 952 3133 unte
970 3067 1239 3152 accusationem,
1257 3091 1349 3159 quun

306 3207 369 3252 nec
390 3182 580 3276 proditores
602 3180 744 3249 inauditi
765 3184 927 3274 pereant?
946 3183 978 3250 Ο
998 3182 1123 3250 furtum
1142 3185 1179 3250 in
1199 3185 1350 3252 concione

307 3297 531 3366 narrandum!
553 3298 734 3391 proditoris
749 3297 1040 3391 vigilantissimum
1050 3317 1181 3391 pectus,
1196 3317 1231 3368 et
1244 3303 1279 3367 in
1291 3301 1350 3366 eri·

311 3417 356 3483 tis
375 3430 488 3482 nostra
508 3438 641 3507 semper
664 3414 862 3496 sollicitum,
881 3413 1017 3505 publiea
1033 3413 1101 3482 fata
1114 3417 1297 3508 sopierant3
1311 3416 1349 3481 itu

310 3533 408 3599 etiam
433 3531 601 3599 ministros
622 3531 694 3621 ejus
716 3529 913 3621 alligaverat
927 3553 1080 3616 somnus,
1096 3547 1133 3599 ut
1150 3531 1234 3600 mihi
1247 3532 1350 3600 iioemt

311 3646 436 3741 eligere
462 3644 554 3739 quod
583 3646 744 3713 tollerem.
773 3643 917 3715 Diruere
943 3625 1027 3714 mihi
1052 3645 1193 3715 videbar
1215 3647 1348 3718 hostium

312 3787 435 3830 muros.
447 3765 599 3830 Furtum
616 3785 733 3851 vocas,
754 3786 820 3853 quo
835 3761 921 3830 nihii
937 3762 1054 3830 melius
1066 3779 1125 3830 tuo
1138 3787 1228 3832 suno
1242 3766 1349 3832 foetum

240 4011 244 4018 .
347 3970 510 4039 t.lnsorum
518 3970 815 4030 venirrarmvt'noetur-
863 3981 925 4019 trev.
938 3967 970 4019 35
984 3967 1068 4020 arudes
1082 3988 1134 4021 eme
1145 3969 1201 4038 quis
1213 3989 1266 4022 non
1275 3965 1351 4022 ridet?

234 4125 238 4132 Ι
261 4089 275 4122 ,Ι
312 4043 814 4132 narn.Qutedeincepssequunturscon·
863 4044 1210 4099 Anneetendanne.Scdott.
