2874 4768
251 409 518 492 ’55555555
542 423 708 492 conum
730 425 810 491 un.
837 425 899 504 vr,
927 425 958 490 3.
1089 425 1152 491 555

254 741 256 748 '
294 723 820 813 CONTROVERSIA
855 725 949 812 111.

244 930 387 978 statutt
421 930 553 981 NOTHI
586 931 720 980 nucu
751 931 829 979 PRO
856 927 1005 980 PARTE.

171 1103 248 1162 Lux.
266 1102 358 1182 Major
370 1101 456 1162 frater
471 1098 602 1162 5115515155ι
616 1105 834 1182 patrimonium,
860 1108 953 1165 minor
969 1107 1063 1188 eligat.

228 1271 232 1284 ·
297 1236 422 1296 Aurum.
447 1233 543 1293 Liceat
556 1235 645 1292 filium
660 1256 696 1294 555
711 1233 812 1294 5551115
825 1235 932 1295 tollere.

68 1369 199 1432 Tun.
220 1364 343 1448 deeun
357 1387 438 1448 qutun
452 1368 573 1427 'hahent
586 1369 737 1444 1551555555
739 1365 854 1451 filium,
872 1369 958 1426 5151555
981 1391 1020 1428 555
1051 1372 1156 1430 matta

114 1465 234 1546 5555555151
251 1475 279 1525 et
298 1463 425 1526 decessit.
445 1462 545 1544 Major
555 1463 652 1544 fiutcr
670 1465 710 1524 sic
727 1465 837 1532 divisit,
858 1475 889 1522 ut
901 1475 986 1524 5555555
1007 1467 1153 1546 555551555-

115 1566 247 1626 5551555555
260 1587 316 1624 una
323 1575 405 1645 purte
412 1575 544 1646 poneret,
557 1587 595 1625 555
609 1567 705 1625 altera*
720 1564 801 1624 nothi
809 1575 936 1624 matrem.
956 1565 1054 1625 Minor
1068 1567 1152 1643 elegit

9 1725 16 1734 ,
116 1673 259 1756 matrum,
273 1659 549 1741 etnccusatsratmm
562 1663 828 1742 circumscriptionis.
987 1669 990 1676 '

124 1841 219 1908 PRO
240 1840 409 1910 NOTHO.
429 1841 524 1909 Unus
540 1842 689 1912 omnium
711 1839 942 1914 exhaeredatus
960 1864 1033 1910 aum
1055 1840 1147 1922 divi·
1255 1857 1258 1866 ’

68 1955 206 2027 dendo.
225 1955 406 2048 Elegimet,
426 1957 556 2046 inquit,
578 1955 716 2026 51555555
731 1971 873 2048 partem.
894 1958 949 2034 Tu
965 1953 1144 2028 5515555115

68 2072 218 2165 potuisti
238 2071 438 2153 5555111155,
458 2073 568 2163 qualia
588 2072 795 2144 1555555555.
819 2076 888 2172 1555
910 2088 944 2149 te
965 2069 1139 2156 dividere,
1189 2147 1194 2162 ι

69 2211 130 2254 555
148 2187 277 2280 eligere
290 2187 410 2277 jussit3
430 2203 564 2280 operte,
584 2211 628 2253 ne
647 2189 758 2255 minor
771 2186 1077 2282 circumscribatur,
1094 2169 1140 2254 514

68 2320 157 2369 met.
178 2299 234 2368 Sic
254 2300 387 2383 divinit,
412 2318 450 2369 ut
466 2305 493 2368 51
511 2301 630 2370 vetlem
648 2327 716 2371 non
734 2327 805 2371 5555
824 2287 1139 2385 5555(115555,’5’51115-

69 2439 216 2508 quorem
231 2417 415 2485 1555555515
430 2433 591 2511 egestate,
607 2433 746 2485 matrem
762 2419 797 2484 in
810 2419 985 2484 servitute.
1000 2419 1076 2485 Non
1089 2432 1140 2484 est

70 2529 244 2613 dividere,
265 2557 306 2599 ex
325 2531 430 2600 altera
448 2549 544 2626 parte
561 2533 797 2625 patrimonium
815 2556 956 2624 ponere,
977 2553 1017 2600 ex
1033 2532 1137 2599 515555

70 2672 174 2716 onus.
196 2649 290 2718 Talis
308 2649 387 2730 fnit,
410 2667 446 2717 ut
466 2651 515 2718 1111
534 2648 740 2718 eohaeredem
761 2665 858 2740 pater
876 2673 914 2716 ex
932 2648 1053 2716 5551115
1072 2648 1137 2715 tol·

107 2815 437 2884 r.Mcjocsmterdividnt.
448 2818 580 2870 Eudemia
629 2817 716 2869 55515555
736 2816 908 2889 suppeditent,
929 2828 983 2869 tum
1004 2827 1032 2866 55
1050 2814 1134 2868 55555511

69 2892 226 2965 episcopatus
238 2891 361 2945 divisione
371 2894 491 2946 sananda
501 2907 580 2966 patres
629 2896 707 2948 nostri
726 2894 816 2948 abusus
832 2895 966 2960 5511555555,
980 2915 1031 2965 quc
1048 2894 1135 2946 1555115-

69 2983 245 3046 preceperunt
264 2968 292 3022 in
310 2971 514 3044 Carthaginiensi
526 2971 580 3044 Sy-
628 2993 677 3044 que
686 2986 798 3045 parentes
808 2971 911 3024 55551515
917 2962 1036 3024 ’5555555551
1047 2967 1137 3024 11155555

69 3049 142 3105 nodo
154 3049 303 3122 5555855155
317 3047 406 3106 Graeco
421 3069 479 3102 5555
492 3070 580 3102 erem·
628 3049 774 3106 hereditate
788 3051 920 3112 frendant,
935 3070 964 3103 eo
978 3049 1135 3124 potissimum

71 3126 139 3196 plari
153 3145 208 3199 cap.
221 3128 265 3180 558
275 3149 282 3189 ;
294 3146 349 3196 quae
360 3125 498 3200 Gregorius
508 3139 580 3188 retu,-
628 3129 733 3182 55555155
744 3127 812 3198 quod
824 3127 879 3180 Deo
888 3149 914 3181 55
927 3129 953 3180 15
964 3127 1137 3202 reiigiosoruin

69 3206 100 3258 115
111 3206 139 3258 15
150 3204 194 3276 lib.
204 3207 240 3258 111
250 3206 375 3280 Decretal.
385 3206 421 3258 515.
431 3225 477 3278 29,
488 3225 541 3278 cap.
554 3225 580 3267 5,
628 3203 730 3258 familiis
752 3205 919 3257 consecrarint
931 3224 937 3257 :
948 3205 1003 3258 aliis
1020 3225 1079 3258 vero
1092 3225 1135 3262 sae·

70 3282 146 3334 ethis
156 3282 231 3350 longe
241 3277 367 3353 antiquior
378 3284 412 3334 D.
424 3284 579 3356 Augustinus
629 3286 685 3338 55515
696 3305 724 3340 55
735 3283 804 3336 15555
817 3284 932 3348 addictis,
944 3284 1065 3337 nimirum
1078 3285 1135 3357 quia

69 3359 103 3411 de
115 3359 224 3413 Ciritnte
234 3359 285 3412 Dei
294 3359 338 3412 lib.
350 3361 411 3423 xil,
426 3379 478 3431 cap.
489 3361 579 3422 55,515
627 3361 719 3414 liberos
743 3357 853 3424 hahent,
877 3361 979 3432 duplam
1003 3359 1136 3433 triplemve

69 3435 211 3489 secessione
231 3439 280 3490 Lot
298 3451 322 3490 55
341 3435 448 3503 51551555
466 3456 472 3491 t
488 3437 579 3489 «Hinc
627 3438 768 3514 portionem
780 3439 956 3509 transcribunt.
969 3439 1019 3490 Lex
1031 3438 1134 3508 quidem

68 3514 180 3571 tornois
190 3516 280 3569 5115555
289 3528 325 3568 555
334 3515 400 3568 inter
408 3512 524 3590 1555551555
533 3534 576 3586 pa·
625 3530 661 3569 555
672 3519 752 3568 155555
764 3515 937 3569 decemviralis
947 3516 975 3567 in
988 3535 1017 3567 55
1026 3515 1134 3569 Tabulas

69 3593 142 3646 511155
161 3593 332 3659 consuetudo,
352 3594 452 3662 quando
469 3606 578 3646 terreno·
625 3595 700 3647 551555
711 3594 779 3647 51155
789 3610 848 3648 suin
859 3611 895 3648 υτ
904 3608 1024 3662 quisque
1037 3587 1136 3648 551555·

69 3691 127 3724 rum
141 3669 240 3744 aliquid
254 3671 412 3744 partiendum
432 3684 481 3736 555,
498 3671 578 3740 major
626 3685 667 3723 555
687 3686 734 3724 555
755 3685 803 3724 555
830 3686 904 3725 asro.
923 3674 958 3725 55
978 3685 1075 3725 nature>
1094 3671 1133 3724 155

69 3749 183 3816 dividat,
197 3750 282 3802 minor
296 3747 399 3820 eligat.»
411 3750 477 3804 Vide
491 3764 515 3802 55
525 3749 578 3805 Cu·
625 3747 702 3820 eequis
718 3749 794 3801 condi
816 3761 991 3803 testamentum
1010 3749 1134 3822 portioni-

69 3815 578 3900 155.111.Χ111,0155555.541ιὶ155555-
627 3827 672 3881 bns
698 3826 783 3901 jubet,
810 3839 837 3880 555
862 3829 946 3882 nullus
968 3828 1135 3898 querimonia

69 3918 119 3956 5555
127 3903 253 3978 insignem
260 3904 370 3975 proferre
376 3903 459 3956 1555555
467 3901 578 3956 85151551
627 3905 779 3980 actionisque
790 3906 821 3960 515
832 3907 915 3961 iocus':
925 3908 974 3962 nisi
985 3907 1017 3960 515
1027 3926 1135 3978 nequam

69 3985 238 4039 Massiliensis
245 3984 363 4058 Episcopi
371 3983 439 4056 555551
447 3984 580 4055 temporis,
628 3999 651 4037 et
661 3986 780 4062 prodigus
792 3999 815 4037 et
824 3985 949 4049 decoctor,
962 3983 1005 4054 qni
1013 3980 1091 4037 1515555
1100 3997 1137 4037 555

70 4075 98 4114 ut
106 4051 259 4134 Gennadius
272 4061 321 4129 515,
337 4061 516 4135 Episcopomm
528 4081 579 4114 ma·
628 4061 737 4128 futurus,
749 4076 792 4118 555
801 4060 925 4153 parentii).
937 4082 990 4114 555
1000 4059 1135 4122 obediens,

70 4141 139 4212 gistri
151 4179 161 4210 ,
173 4159 253 4214 quum
270 4152 299 4194 555
316 4139 510 4213 declamantibus
528 4159 579 4192 rna·
629 4152 670 4194 aut
682 4139 1009 4215 (1551555555555555555555
1021 4152 1135 4190 55555555
