2876 4804
340 403 385 484 [aa
658 397 795 467 ANDR.
821 397 1072 482 SCHO'I'IUS,
1110 439 1112 451 ·

338 523 427 585 tione
449 520 621 600 excellere,
640 517 779 582 Galenus
799 532 831 583 et
851 515 1034 583 Alexander
1058 517 1292 607 Aphrodisieus
1318 541 1394 584 mo·

338 637 491 688 nuerunt.
517 621 593 710 Ejus
607 619 838 687 exercitationis
855 619 1001 706 exempla
1018 619 1187 684 clarissima
1212 613 1244 678 ai
1271 603 1392 704 διαιρέ·

339 741 399 792 otae
415 725 474 781 τῶν
488 708 666 805 ζητημάτων
693 719 818 807 Sopatri
833 719 977 783 Rhetori.
989 719 1076 783 Huic
1087 719 1305 784 exercitationi
1317 741 1392 784 suc·

337 825 473 890 cedebat
486 824 696 914 illa‚Implere
707 827 954 906 controversias:
965 825 1074 890 ultima
1085 841 1170 907 erat,
1182 824 1392 890 Declamatio.

339 930 431 1012 Ilaec,
452 947 489 995 ut
507 930 613 996 lucem
628 932 782 996 afferrent
794 931 943 1021 Senecae,
957 931 1057 1003 attuli.
1179 923 1181 928 ¹

378 1037 541 1102 Sententia
551 1060 646 1118 vero,
657 1039 907 1126 pronunciatum
918 1051 965 1101 est
976 1035 1017 1100 de
1027 1037 1124 1102 rebus
1136 1037 1307 1118 universis,
1318 1058 1394 1124 quae

269 1183 270 1188 κ
338 1141 524 1229 expetendae
537 1157 627 1222 sunt,
642 1159 698 1206 aut
715 1139 874 1230 fugiende
896 1139 936 1204 ad
957 1141 1127 1229 agendum.
1147 1141 1198 1207 Sic
1218 1141 1315 1206 Arist.
1340 1141 1392 1205 III

338 1240 523 1303 Rhetor.'in
541 1259 638 1326 quern
652 1255 684 1301 et
698 1243 819 1324 Γνῶμαι
835 1232 886 1300 καὶ
898 1235 998 1310 Θέσεις
1018 1239 1160 1304 Theonis
1175 1239 1393 1329 Hermogenis

339 1361 371 1408 et
389 1345 568 1433 Aphthonii
596 1340 723 1410 cadunt.
750 1344 816 1408 Sed
845 1343 967 1408 Seneca
993 1346 1137 1410 omnium
1158 1345 1291 1433 optime,
1311 1367 1392 1433 quas

338 1452 506 1540 intelligat,
518 1449 613 1515 docet
625 1459 649 1532 ²,
661 1473 733 1540 quae
748 1451 918 1516 Sententiae
939 1452 1093 1538 proprie,
1117 1475 1188 1539 quaa
1199 1451 1393 1516 translatitia

338 1555 609 1638 dicerentur,hoc
618 1574 682 1640 est,
695 1557 773 1621 Loci
786 1579 989 1638 communes,
1004 1557 1037 1620 in
1051 1579 1133 1646 quos
1148 1558 1260 1622 licebat
1275 1575 1393 1648 praeter

337 1663 471 1728 Causam
492 1686 672 1728 excurrere.
685 1661 742 1728 llae
759 1664 962 1751 pertinebant
978 1663 1019 1728 ad
1039 1665 1108 1728 illos
1126 1685 1287 1744 excessus,
1310 1685 1391 1752 quo·

339 1793 413 1833 rum
424 1767 510 1831 idem
519 1767 682 1856 praefando
698 1769 852 1833 meminit.
874 1769 914 1832 In
930 1793 993 1857 qua
1008 1768 1130 1833 Praefat.
1149 1770 1244 1833 etiam
1259 1769 1393 1833 Senten

299 1891 304 1901 ‘
338 1876 388 1938 tite
404 1875 500 1956 albae,
517 1897 595 1964 quas
610 1872 642 1938 in
657 1875 789 1940 Albutio
805 1877 849 1940 sic
860 1876 995 1941 vocabat
1009 1876 1138 1942 Asinius
1156 1874 1276 1957 Pollio,
1291 1873 1393 1964 hujus

338 1982 463 2069 generis
478 2003 545 2046 esse
558 1977 718 2046 videntur.
1389 1981 1390 1984 ’

382 2185 406 2222 1.
428 2167 532 2224 Praesat.
548 2167 595 2224 lib.
609 2169 649 2224 IV
663 2169 757 2226 Contr.

686 2487 808 2554 aron..
826 2487 1039 2564 aimarus

645 2649 704 2702 Lib.
729 2649 792 2718 IV,
818 2649 929 2715 Parerg.
957 2663 1019 2717 cup.
1036 2649 1077 2714 ¹⁴·

381 2771 1388 2864 Illudsciendum,duosfuisseSenecasteumquiNeronisprae·

337 2901 450 2973 ceptor
461 2898 544 2962 erat,
558 2886 649 2968 cujus
660 2895 735 2943 sunt
749 2879 887 2968 epistolae
897 2895 928 2943 et
937 2879 1110 2970 tragoediae,
1121 2881 1242 2969 quique
1252 2899 1388 2970 patruus

338 2989 456 3053 Lucani
466 3003 583 3075 poetae,
595 2985 747 3050 Gallionis
758 2984 857 3049 frater
867 2985 945 3068 fuit3
959 2987 1056 3060 alium
1068 2987 1242 3069 seniorem,
1254 2988 1345 3054 istius
1357 3003 1389 3055 et

339 3111 370 3158 et
381 3092 530 3157 Gallionis
539 3108 676 3179 patrem:
687 3094 777 3176 cujus
783 3107 858 3155 sunt
866 3091 1127 3173 Declamationes,
1136 3094 1191 3181 qui
1201 3115 1235 3156 se
1244 3096 1388 3181 potuisse

337 3203 525 3266 Ciceronem
537 3196 648 3264 audire
659 3213 833 3263 attestatur.
846 3197 890 3262 Ut
905 3197 1039 3262 ridicula·
1048 3199 1088 3264 sit
1104 3221 1218 3278 eorum
1230 3203 1387 3266 sententia

327 3307 394 3396 'qui
408 3307 576 3395 utriusque
586 3320 708 3369 aetatem
719 3308 966 3394 conjungentes,
977 3306 1090 3394 risisse
1102 3305 1315 3393 posteriorem
1329 3329 1386 3372 an·

338 3435 397 3476 nos
408 3433 504 3500 supra
520 3412 872 3476 raoeomminiscuntur
882 3432 891 3475 :
903 3427 1116 3498 quumtamen
1123 3411 1185 3476 Dio
1192 3412 1246 3477 lib.
1262 3412 1386 3495 LVIII,

337 3519 456 3608 phthisi
471 3519 628 3582 laborasse
639 3519 728 3582 hunc
741 3517 894 3582 Senecam
914 3518 953 3581 sit
969 3535 1097 3601 auctor,
1121 3539 1301 3606 manusque
1319 3519 1387 3583 Caii

337 3625 486 3714 principis
498 3625 645 3707 evasisse,
658 3619 748 3714 quod
760 3623 912 3690 credebat
926 3623 997 3690 fore
1013 3640 1049 3690 ut
1061 3625 1298 3714 quamprimum
1318 3620 1387 3690 fato

338 3730 519 3797 decederet.
1031 3719 1039 3736 ’

664 3873 756 3936 Ideni,
769 3876 863 3926 eodem
875 3875 921 3925 lib.
935 3891 995 3942 cap.
1013 3875 1053 3926 15.

380 3997 584 4064 Declamandi
599 4000 678 4063 ratio
697 3999 815 4087 qualis,
836 4014 868 4062 et
881 4021 978 4086 quarn
995 3997 1095 4064 hodie
1109 3999 1284 4064 necessaria
1296 4001 1338 4064 sit
1351 4001 1386 4064 ti-

337 4106 469 4172 ronibus
475 4105 541 4191 juri
550 4105 632 4169 civili
642 4128 772 4194 operam
784 4126 902 4169 narare
909 4103 1108 4185 volentibus,
1122 4127 1205 4195 soepe
1215 4127 1233 4170 a
1244 4125 1298 4172 me
1309 4128 1392 4198 pree.
