2874 4796
274 441 339 531 474
581 444 628 508 M.
654 439 800 510 uum
823 441 1004 509 seuseu

441 857 445 865 ·
525 800 959 889 DECLAMATIO
994 799 1077 887 lv.

591 1036 718 1086 FORTIS
737 1035 819 1084 siris
836 1035 1007 1084 uirilius,

267 1209 341 1272 Lex.
359 1210 529 1271 Adulterum
544 1233 610 1270 eum
624 1209 753 1270 adultera
767 1211 818 1291 qui
841 1209 1063 1291 deprehenderit
1075 1255 1083 1279 ‚
1101 1208 1172 1270 dum
1186 1221 1345 1292 uusrmque

532 1331 635 1394 corpus
651 1311 819 1387 interficiet,
834 1313 897 1372 sine
910 1309 1011 1371 froude
1024 1311 1070 1370 sit.

357 1453 485 1514 durrus.
502 1450 601 1513 Liceat
614 1451 785 1513 adulterium
798 1453 828 1511 in
842 1463 932 1512 matre
949 1465 978 1512 et
992 1451 1050 1510 filio
1064 1450 1213 1510 vindicare
1222 1463 1243 1508 ¹.

267 1599 381 1660 Tum.
404 1597 458 1659 Vir
466 1595 558 1679 fords
571 1599 601 1656 in
619 1597 691 1657 bello
711 1619 813 1658 ηιηηω
825 1596 949 1677 perdidit
963 1620 973 1656 .·
987 1595 1170 1676 deprehendit
1182 1595 1340 1656 ηᾰιιὶιιηηη

308 1721 371 1761 cion
384 1720 487 1768 miore,
505 1697 542 1758 de
554 1693 713 1779 quafilr'suu
727 1697 929 1758 adolescentem
946 1695 1089 1768 hadebatr
1105 1692 1339 1776 ιἰηριιηοιῖβὼ,

308 1805 338 1856 ut
353 1795 497 1856 occideret.
511 1793 581 1854 Non
595 1793 706 1854 occifflt.
726 1791 845 1854 Adulter
856 1789 969 1873 effisgd.
990 1789 1230 1872 Abdicatfilr'wn.
1250 1789 1285 1852 G.
1303 1791 1339 1852 D.

635 1946 925 2018 (exemero.
939 1949 981 2016 1.)

317 2093 627 2164 DECLAMATIO.
644 2093 743 2164 Solus
756 2113 821 2188 ego
836 2117 875 2163 ex
888 2093 1045 2163 omuibus
1059 2096 1188 2164 maritis
1202 2118 1270 2164 nec
1283 2093 1342 2164 di-

270 2213 347 2280 misi
364 2210 549 2294 sdulteros‚
570 2235 634 2279 neo
653 2208 778 2279 occidi.
793 2210 882 2303 Quis
900 2233 968 2279 nou
988 2226 1097 2304 putet,
1115 2227 1174 2280 aut
1191 2234 1246 2280 me
1267 2213 1340 2281 siue

271 2328 342 2396 filio
357 2327 478 2411 fuisse,
495 2343 553 2396 aut
565 2327 675 2396 filium
687 2329 762 2396 sine
774 2326 953 2396 monibus?
965 2329 1157 2422 Conceptus
1170 2333 1237 2396 est²
1253 2329 1336 2399 iste:

270 2468 310 2513 ex
326 2467 393 2536 quo
403 2447 418 2513 P
430 2445 594 2531 sciemus,
614 2469 720 2536 quum
733 2442 906 2513 adulteros
923 2441 1183 2538 deprehendero
1193 2437 1222 2512 ³.
1239 2449 1342 2514 Tunc

269 2563 417 2656 primum
433 2562 522 2630 sensi
541 2585 595 2629 me
612 2586 731 2630 munus
745 2558 947 2656 perdidisse.
963 2562 1005 2628 ln
1020 2561 1109 2629 helio
1125 2585 1230 2648 meos,
1247 2561 1339 2632 domi

268 2681 369 2749 etiam
387 2680 450 2748 filii
470 2703 588 2748 manus
606 2677 756 2773 perdidi.
776 2681 862 2747 Tam
880 2678 1004 2748 frustra
1021 2678 1065 2748 ad
1083 2679 1216 2763 filium,
1238 2705 1339 2774 quem

268 2796 312 2865 ad
329 2795 480 2892 gladium
498 2797 649 2864 cucurri.
675 2797 717 2863 In
739 2779 830 2866 bella
853 2820 922 2865 non
945 2797 1054 2878 veuit,
1075 2811 1109 2864 et
1127 2813 1207 2865 ante
1222 2798 1341 2890 patriae

268 2936 367 3005 quam
383 2914 473 3007 patri
487 2913 625 3006 negavit
639 2935 770 2981 monus.
787 2915 903 3005 Usque
916 2936 957 2981 eo
972 2915 1136 3007 pugnavit
1150 2938 1215 3007 pro
1229 2915 1339 2998 vobis,

266 3045 305 3096 ut
315 3051 377 3121 pro
390 3051 425 3094 se
435 3050 505 3095 non
515 3041 642 3120 posset.
654 3025 874 3109 Adolescens,
889 3051 975 3120 quos
987 3024 1165 3106 demisisti,
1179 3051 1338 3122 sequere.

266 3147 343 3213 Non
358 3145 473 3237 potui,
489 3142 622 3234 inquit,
640 3158 782 3212 matrem
797 3141 966 3212 occidere.
982 3141 1062 3235 Quo
1076 3144 1121 3210 sis
1133 3147 1339 3224 excusatior,

266 3259 378 3355 adjice
395 3275 428 3328 et
446 3275 591 3354 patrem.
1199 3271 1202 3277 '

312 3425 425 3494 PARS
436 3425 628 3494 ALTERA.
644 3426 797 3496 Alterum
810 3428 927 3518 putavi
941 3423 1179 3519 parricidium,
1196 3443 1339 3496 matrem

266 3565 378 3610 eorem
391 3558 488 3635 patre
500 3541 668 3611 occidere.
687 3546 764 3612 Nou
777 3567 912 3637 semper
924 3543 1053 3612 scelera
1067 3544 1176 3611 nostri
1190 3561 1272 3611 sunt
1281 3545 1339 3637 ju·

265 3661 326 3728 ris.
349 3659 489 3730 Atroces
511 3684 647 3752 quoque
666 3661 796 3729 animos
814 3660 1005 3730 misericors
1025 3676 1145 3728 notura
1165 3657 1335 3728 debilitat.

264 3779 304 3845 In
322 3793 389 3878 tem
409 3777 576 3870 inopinati
597 3776 717 3870 flagitii
735 3776 942 3872 spectaculo,
959 3791 1032 3846 toto
1046 3799 1191 3870 corpore
1206 3779 1334 3870 stupui.

302 3991 322 4023 ι.
342 3974 379 4026 In
400 3981 486 4025 matre
503 3981 529 4024 e!
543 3971 609 4042 filio
633 3972 767 4024 vindicem
741 3989 775 4022 re.
823 3981 1007 4038 contemperies
993 3982 1050 4024 esst
1048 3972 1138 4032 'scm
1119 3987 1235 4038 sssqw
1221 3971 1338 4021 scie-m

264 4051 327 4103 'l’res
341 4051 386 4103 lib.
397 4062 422 4102 et
433 4049 511 4103 Frob·
521 4058 547 4102 ee
558 4052 587 4102 in
595 4059 681 4102 maere
693 4051 774 4101 ιι
857 4046 881 4100 3.
898 4046 942 4100 De
928 4067 974 4116 erp
960 4047 1108 4101 rroehende
1130 4045 1210 4098 Tune
1234 4045 1339 4113 Depre-

256 4125 581 4198 filiouindicare.Schou.
823 4125 917 4190 liehnd
929 4135 1041 4178 Ιωηιιι
1015 4125 1126 4196 criptis
1140 4135 1211 4177 retus
1225 4123 1313 4175 erotl?
1315 4120 1338 4174 b.

298 4226 319 4256 ι.
331 4205 525 4272 θοηιιριηιιιι.
535 4203 613 4257 Frob·
625 4215 649 4256 et
660 4203 731 4256 lib
733 4215 775 4258 eu
825 4216 886 4258 erut
861 4223 1011 4272 ηιιοηιι,ι
997 4202 1076 4256 sduo
1077 4203 1123 4256 bus
1135 4201 1213 4256 nbat.
1226 4199 1322 4255 Seius
