2876 4804
260 639 471 690 cttntssttto
490 638 771 698 DOCTISSIHOQU!
788 637 872 688 vnto

118 823 422 954 JUSTO
477 803 803 950 LIPSIO
855 825 913 950 J.
942 825 1009 950 C.

358 1075 408 1132 nr
427 1073 633 1132 fflsronrco
653 1074 785 1142 naum,

60 1245 146 1307 AM).
168 1243 386 1310 SCHO'l'l'US
406 1243 608 1310 ANTUERP.
630 1245 685 1308 DE
704 1241 860 1308 soctur.
883 1245 989 1324 JESH,
1002 1248 1075 1310 S.D.

508 1480 641 1504 ψ

85 1699 258 1784 Queeitum
272 1715 312 1764 ut
327 1697 422 1780 olim,
440 1697 620 1766 doctissime
639 1695 742 1788 Lipsi‚
764 1690 805 1763 de
827 1699 928 1763 causis
964 1692 1100 1790 degene-

49 1808 133 1872 rantis
146 1807 366 1896 eloquentiae,
376 1805 472 1870 eirea
483 1806 580 1870 Corn.
596 1806 724 1885 Tacito,
734 1827 831 1894 quern
844 1804 906 1894 legi
921 1821 954 1869 et
967 1807 1099 1896 intelligi

50 1909 188 1994 docuisti,
200 1936 260 1978 seu
274 1912 385 2001 potius
398 1934 417 1975 a
429 1909 475 1975 M.
492 1909 519 1976 F
519 1911 610 1992 abio,
627 1910 671 1974 sic
688 1925 721 1974 et
735 1911 901 2000 acquirere
920 1935 999 2000 pace
1017 1914 1098 1977 milri

49 2017 126 2083 licem
139 2018 301 2108 tua(quis
318 2019 405 2082 enim
420 2032 453 2081 te
468 2017 561 2082 citius
573 2015 700 2080 nodum
715 2017 911 2105 expedierit?
922 2017 1097 2108 >quidnam

48 2145 138 2188 musae
147 2127 204 2206 sit,
219 2149 298 2208 cur,
313 2146 417 2212 quum
429 2113 625 2211 eloquentia,
640 2126 773 2212 ejusque
789 2124 874 2188 socia
889 2139 987 2214 atque
1001 2125 1099 2190 admi-

49 2230 136 2295 nistra
146 2231 345 2298 declamandi
355 2231 463 2296 ration
474 2229 591 2294 Graecis
602 2231 744 2320 primurn
754 2229 854 2312 culta,
871 2248 903 2295 et
913 2255 932 2295 a
943 2233 1096 2297 Romanis

4 2343 11 2354 '
50 2353 171 2426 excepta
184 2337 300 2420 irretit,
317 2360 390 2426 quae
405 2336 477 2401 dure
492 2351 603 2426 gentes
615 2351 704 2400 extra
719 2357 753 2400 se
768 2358 881 2402 omnes
897 2353 933 2401 ut
945 2337 1095 2404 barbaras

51 2437 229 2524 fatidirent,
242 2443 320 2508 inde
330 2440 490 2506 tamenad
505 2441 679 2530 Hispanos,
697 2465 775 2507 mox
784 2441 832 2507 'ad
851 2439 958 2508 Gallos
971 2441 1025 2510 hic
1039 2469 1097 2534 po-

6 2543 7 2548 ’
50 2548 192 2614 tissimum
211 2547 413 2624 declamandi
433 2571 527 2629 usus,
553 2563 649 2638 atque
674 2549 769 2614 etiarn
791 2551 918 2638 poetica
939 2550 1039 2615 veluti
1061 2550 1094 2616 in

51 2655 195 2720 coloniam
214 2653 455 2744 commigrauit?
481 2656 535 2720 An
556 2655 631 2743 quia
652 2669 689 2719 ut
709 2677 820 2718 rerum
842 2671 875 2719 et
893 2652 1098 2745 ingeniorum

52 2761 325 2852 periodilquaedam
340 2761 616 2851 tempestivitatem
638 2760 760 2826 habent
780 2784 888 2844 suam,
911 2763 956 2826 sic
979 2777 1011 2826 et
1033 2763 1097 2827 loci

55 2871 214 2934 nutatione
222 2866 472 2933 vicissitudinem
481 2865 1003 2956 experiunturlQuemadrnodum
1011 2870 1096 2934 enirn

57 2975 181 3060 gentium
194 2998 237 3040 ex
250 2975 318 3040 aliia
332 2975 367 3038 in
388 2973 462 3038 alias
484 2972 576 3040 sedes
596 2971 802 3062 migrationes
824 2973 977 3063 legimus,
1001 2977 1046 3041 sic
1064 2993 1097 3040 et
1220 3007 1223 3013 ·

57 3077 227 3170 disciplina,
249 3097 400 3169 artesque
420 3081 515 3146 bonae
529 3079 596 3144 huc
616 3079 693 3144 illuc
714 3080 815 3144 veluti
833 3081 964 3148 turbine
986 3081 1096 3148 delatae

57 3186 220 3274 riguerunt.
233 3188 287 3252 An
310 3189 386 3275 quia
402 3187 567 3252 luxurians
581 3186 693 3250 Rornae
711 3186 895 3274 eloquentia
916 3187 1042 3278 longius
1062 3213 1097 3254 se

59 3289 191 3361 diffudit?
206 3293 377 3384 quomodo
390 3295 488 3384 arbor
501 3293 578 3358 altas
593 3316 690 3382 egens
706 3292 845 3376 radices,
868 3295 963 3359 ramis
977 3318 1095 3385 opaca,

59 3395 148 3491 longas
171 3402 270 3468 mittit
290 3401 435 3483 umbrae,
454 3414 511 3464 aut
533 3415 660 3464 torrens
675 3399 767 3464 alveo
782 3421 926 3490 egressus
948 3403 1095 3490 proxima

15 3503 17 3582 l
59 3526 191 3596 queque,
207 3507 257 3574 uti
266 3506 447 3598 AEgyptum
461 3505 572 3587 Nilus,
584 3503 715 3595 irrigat?
729 3506 782 3570 An
803 3492 944 3597 denique
964 3509 1039 3596 quia
1055 3509 1096 3574 ad

16 3583 18 3673 l
61 3633 202 3678 tumtunm
217 3613 377 3704 perducta
390 3611 518 3678 dicendi
531 3613 581 3694 vi,
597 3609 814 3702 flagranteque
825 3617 892 3700 jam
902 3613 1049 3682 Mariano
1061 3641 1097 3683 ac

17 3687 18 3762 l
64 3717 236 3810 pompeano
251 3721 343 3790 nem
356 3717 1013 3806 uterinis1nua,jusuuumtnt‚ta0uit
1035 3723 1100 3787 010.

68 3830 270 3920 quentie,quoe
280 3843 320 3894 ut
328 3827 414 3917 pacis
425 3826 554 3911 alumna
565 3826 598 3890 in
609 3825 770 3914 proximas
779 3843 881 3892 terras
893 3827 1101 3919 demigravit?

68 3928 175 4022 Gorgias
200 3936 381 4002 Leontinus
404 3932 492 4022 apud
515 3931 644 4000 Grecos
664 3955 787 4022 ponere
801 3935 952 4022 jubebat,
969 3935 1011 3998 de
1035 3958 1101 4022 quo

70 4039 122 4122 quis
136 4039 245 4109 audire
263 4041 379 4122 vellet,
401 4056 434 4104 et
446 4041 621 4108 contraries
645 4041 677 4106 in
699 4057 806 4130 partes
820 4039 1022 4124 disserendo,
1041 4066 1108 4130 quo

81 4207 85 4214 ,
111 4168 129 4204 r.
147 4145 257 4210 Semcoe
269 4167 346 4232 pars
358 4145 491 4207 secunda.
955 4167 972 4204 a
