2876 4804
343 403 389 486 44
402 401 537 472 ANDR.
553 401 721 486 SCHOT.‚
732 401 793 469 DE
807 401 936 472 AUCT.
955 401 1010 468 ET
1024 401 1157 469 DECL.
1170 401 1384 474 RATIONE.

763 606 801 676 Et
809 605 878 659 lide-o
890 606 946 660 IV.

382 767 503 854 Legent
513 767 647 850 juvenes
655 762 908 848 Declamationes
922 777 955 825 et
968 757 1154 842 Suasorias,
1170 785 1248 850 ques
1264 784 1305 826 ex
1317 783 1386 826 ora·

340 862 462 935 toribus
477 870 526 933 sui
539 869 690 956 temporis
703 869 821 952 Seneca
836 867 978 956 collegit,
993 867 1160 932 mendosas
1172 867 1305 954 quidem
1320 865 1387 932 illis

341 992 373 1039 et
384 992 512 1039 truncas
525 997 534 1038 ε
549 975 623 1038 nam
636 973 751 1052 desunt
762 995 862 1061 gruere
875 995 941 1035 non
959 995 1075 1061 pauca,
1094 989 1127 1036 et
1139 972 1235 1037 latina
1247 990 1324 1038 sunt
1336 963 1387 1038 de·

340 1080 566 1169 Pravatissimu5
584 1077 640 1156 sed
661 1075 976 1153 erunt'nihilominus
996 1077 1180 1163 adjumento
1196 1078 1386 1162 dicentibus

341 1187 424 1250 Nam
437 1184 573 1273 plurima
589 1185 620 1247 in
637 1184 695 1248 illis
707 1198 798 1264 sunt,
815 1198 847 1266 et
863 1183 991 1266 inventa
1001 1179 1170 1268 subtiliter,
1187 1200 1344 1272 acuteque
1357 1201 1387 1248 et

341 1290 463 1380 lepide,
474 1314 511 1355 ac
524 1305 656 1355 venuste
669 1303 830 1378 expresse,
842 1287 1014 1376 multaeque
1027 1290 1201 1361 verborum
1215 1314 1252 1355 ac
1263 1309 1387 1356 senten·

342 1399 458 1462 tiarum
474 1397 759 1480 cunfonnatiunes,
777 1409 808 1458 et
822 1395 910 1494 quusi
924 1385 1054 1480 luiuina.

383 1618 495 1688 Legitur
516 1635 625 1689 quoque
645 1619 673 1672 in
688 1617 827 1672 nonnullis
847 1616 1012 1688 editionibus,
1023 1617 1150 1692 Opsopaei
1164 1617 1238 1672 locus
1251 1637 1307 1690 quo
1320 1619 1388 1674 duos

345 1733 402 1768 esse
412 1715 526 1768 Senecas
541 1716 640 1768 statuit.
656 1694 748 1783 Quum
760 1725 850 1768 autem
872 1719 901 1768 in
915 1713 961 1768 ilio
975 1715 1043 1771 nihil
1057 1695 1131 1768 eliud
1145 1717 1228 1786 egerit
1241 1715 1293 1770 nisi
1314 1716 1386 1788 quod

344 1813 368 1867 J.
380 1812 466 1883 Lipsii
480 1821 507 1864 et
519 1810 619 1866 Alciuti
633 1811 706 1865 locos
718 1820 786 1883 quos
794 1809 852 1883 jam
864 1810 990 1866 dedimus
1005 1813 1190 1885 exscripserit,
1209 1813 1300 1866 locum
1313 1813 1386 1867 iilum

346 1909 390 1961 hic
403 1893 521 1967 inserere
535 1919 561 1962 et
575 1908 669 1964 eadem
683 1927 776 1984 ιίιιξιιιεΙ
787 1909 942 1984 exsuribere
953 1929 1063 1983 prorsus
1079 1910 1174 1966 inutile
1180 1912 1267 1966 visum
1277 1922 1326 1965 est.
1336 1911 1386 1984 Eu
