2842 4812
261 381 326 466 ‚ss
470 429 473 435 .
575 380 634 447 M.
660 376 805 480 annm
828 375 1008 444 sannen

259 531 351 595 cum3
366 479 513 576 utillum
530 529 684 591 versum,
706 529 774 598 quo
788 503 899 574 aiebat
912 529 1018 572 unum
1032 527 1167 572 versum
1181 506 1340 577 inveniri

258 650 329 694 non
342 649 440 720 posse
454 623 647 692 meliorem:

421 765 485 818 Tam
496 763 564 818 deest
577 765 668 817 ινιτοΙ
681 762 749 835 quod
763 721 855 829 hebet,
868 781 944 834 qnam
958 763 1026 834 quotl
1038 762 1186 817 nonhabet

259 905 293 957 et
308 887 394 956 illud
410 884 453 954 de
471 885 589 954 eadem
604 909 641 954 re
657 885 806 954 dictum:

424 1029 525 1082 Desunt
536 1027 642 1086 luxuriae
656 1027 735 1080 mults
743 1030 764 1092 ²,
779 1025 892 1082 avaritie
905 1025 1001 1080 omnis.

259 1158 294 1212 et
307 1142 382 1215 illos
396 1166 525 1228 versus,
541 1139 695 1234 quihuic
709 1163 845 1234 quoque
861 1154 912 1207 ter
925 1136 1082 1208 abdicato
1097 1158 1239 1234 possent
1253 1166 1341 1210 cou-

260 1283 380 1334 venne
397 1285 405 1328 z

426 1376 515 1430 Ovita
528 1363 620 1428 misero
635 1363 728 1447 longe,
741 1373 811 1428 retici
821 1374 921 1428 brevis!

261 1500 305 1570 Et
322 1496 487 1598 plurimos
505 1495 665 1588 deinceps
684 1519 802 1564 versus
823 1496 992 1565 referebat
1014 1496 1129 1566 Publii
1146 1495 1343 1568 disertissi-

264 1637 348 1684 mos.
364 1611 498 1686 Deinde
512 1627 683 1681 auctorem
696 1610 800 1705 hujus
814 1613 889 1682 vitii
903 1613 995 1708 quod
1010 1637 1050 1704 ex
1064 1611 1222 1706 captione
1235 1615 1345 1682 unius

266 1731 363 1799 verbi
381 1724 393 1765 ³
417 1729 516 1824 plura
539 1729 765 1823 significantis
789 1731 961 1816 nascitur,
981 1731 1093 1801 aiebat
1110 1733 1343 1825 Pomponium

264 1841 511 1914 Atellanarum⁴
525 1846 722 1937 scriptorem
737 1845 852 1926 finisse,
873 1868 892 1912 a
909 1869 978 1938 quo
997 1828 1144 1938 primuni
1160 1844 1206 1913 ad
1220 1845 1343 1924 Labe-

185 1991 188 1996 ·
265 1962 354 2040 rium
373 1964 531 2052 transisse
549 1960 615 2030 hoc
633 1959 782 2031 studium
799 1961 977 2046 imitandi,
995 1961 1120 2030 deinde
1134 1961 1178 2030 ad
1190 1963 1342 2031 Cicero-

265 2073 377 2163 nem⁵,
399 2082 457 2172 qui
477 2077 562 2149 illud
582 2078 626 2147 sd
643 2080 805 2149 virtutum
820 2078 932 2148 studia
946 2080 1184 2148 transtulisset.
1202 2083 1292 2167 Nam
1303 2095 1343 2151 ut

266 2213 433 2266 transeam
451 2196 731 2282 innumerabilia,
752 2219 826 2290 quse
843 2198 965 2266 Cicero
991 2199 1027 2265 in
1048 2196 1262 2266 orationibus
1279 2215 1343 2267 aut

266 2316 303 2383 in
316 2323 471 2384 sermone
485 2313 582 2398 dixit,
598 2330 632 2382 et
645 2330 723 2383 nota
738 2329 776 2382 ut
790 2338 860 2382 non
874 2315 1017 2388 referam
1031 2314 1208 2384 aLaberio
1225 2313 1338 2401 (lictu,

266 2456 371 2524 quum
389 2433 488 2500 Mimi
508 2431 601 2524 ejus,
621 2429 790 2522 quidquid
801 2430 901 2498 modo
919 2429 1095 2516 tolerabile
1107 2429 1256 2514 habent,
1270 2433 1343 2502 tale

264 2547 413 2622 habeant
430 2575 438 2616 :
455 2548 492 2618 id
504 2547 597 2641 quod
611 2548 731 2617 Cicero
744 2549 781 2615 in
794 2547 989 2616 Laberium.
1006 2548 1112 2616 Divus
1126 2549 1236 2617 Julius
1248 2548 1343 2618 ludis

264 2667 335 2736 suis
351 2664 684 2758 mimum·produxit,
705 2663 829 2732 deinde
848 2665 999 2758 equestri
1018 2665 1114 2733 illum
1129 2665 1242 2734 ordini
1256 2667 1342 2738 red-

265 2781 395 2868 ditum,
420 2783 523 2874 jussit
550 2783 602 2848 ire
629 2804 755 2849 sessum
783 2782 820 2848 in
848 2783 1020 2874 equestria
1046 2809 1054 2848 :
1079 2805 1195 2852 omnes
1224 2785 1273 2853 ita
1304 2809 1342 2854 se

266 2909 542 2982 coarctaverunt,
564 2913 600 2966 ut
617 2898 810 2965 venientem
829 2881 898 2965 non
918 2899 1342 2996 reciperent-multosque

267 3026 348 3080 tunc
365 3013 400 3078 in
420 3026 571 3078 senatum
589 3010 720 3105 legerat
736 3012 859 3095 Caesar,
878 3030 911 3112 et
927 3030 965 3082 nt
979 3013 1127 3107 repleret
1139 3013 1341 3086 exhaustum

300 3223 321 3256 1.
342 3203 410 3256 Tam
430 3205 501 3257 deest
517 3221 606 3257 osoro-
621 3203 776 3274 Huiusmodi
826 3207 940 3272 cernuis,
957 3206 985 3260 in
1003 3209 1095 3277 quibus
1114 3228 1227 3267 acumen
1240 3221 1341 3282 specte·

265 3281 342 3334 ltlimi
354 3279 453 3350 eliquat
464 3280 550 3335 Publii
564 3282 623 3354 Syri
633 3283 778 3336 referuntur
826 3283 937 3337 tur.Tale
948 3284 1012 3338 illud
1021 3306 1050 3338 ex
1060 3286 1096 3336 Vl
1110 3286 1204 3338 Annali
1215 3287 1298 3340 Ennii
1309 3289 1341 3342 cle

264 3381 279 3416 a
293 3360 439 3422 Macrobio,
452 3361 553 3412 Saturn.
565 3360 610 3412 lib.
623 3362 667 3425 11,
681 3380 701 3413 c.
714 3381 741 3429 7,
754 3373 778 3413 et
826 3373 893 3413 sexto
915 3360 1010 3415 Annali
1023 3381 1029 3415 :
1044 3383 1057 3409 u
1067 3361 1121 3430 Qui
1136 3374 1207 3434 potes
1222 3363 1342 3438 ingentes

265 3439 501 3512 ePlrilosopboEp
521 3441 629 3504 v111,ad
642 3439 777 3494 Lucilium.
827 3457 911 3491 sensas
933 3439 1048 3493 evolvere
1067 3441 1166 3493 belli.»
1186 3441 1221 3492 Et
1243 3441 1341 3496 Fabius

264 3519 339 3571 Hanc
351 3517 445 3572 Fabios
458 3517 524 3570 inter
538 3519 681 3571 Sententiae
693 3518 778 3572 retulit
827 3517 871 3569 lib.
882 3518 927 3570 Vl.
939 3515 1042 3569 Schott.

263 3595 309 3650 lib.
322 3595 404 3660 Vlll,
418 3616 471 3668 cap.
483 3599 497 3648 5
508 3636 514 3662 ,
526 3596 580 3649 init.
594 3597 689 3649 Sclrott.
857 3595 1063 3662 spompontwn
1075 3599 1279 3660 Atellanarum,
1292 3611 1340 3654 elc-

299 3697 321 3727 α.
341 3673 445 3728 Desunt
458 3677 576 3728 luxuria
588 3679 680 3731 multo.
697 3674 778 3728 Aliter
827 3675 892 3744 Quae
912 3673 1006 3728 fabule
1027 3688 1101 3740 sunt,
1121 3676 1215 3729 salibus
1233 3687 1259 3728 et
1277 3676 1358 3748 jocis

265 3753 379 3828 Epistola
410 3768 454 3806 ctx
478 3754 510 3805 sd
531 3753 658 3806 Lucilium
681 3753 777 3807 Seneca
826 3752 1340 3822 conditae‚eb0scistlerisatae‚vetustate

265 3829 302 3884 fil.
316 3831 437 3884 «Desunt
449 3829 543 3902 inopiae
556 3830 653 3894 multa,
666 3831 777 3885 avaritie
825 3832 944 3896 celebres,
957 3832 988 3885 do
1000 3832 1091 3903 quibus
1101 3832 1152 3906 leg.
1163 3833 1253 3886 Lirim
1264 3833 1340 3888 initio

264 3909 352 3964 omnia
362 3909 407 3964 :In
420 3908 520 3961 nullum
534 3927 621 3960 avarus
633 3907 776 3970 bonusest,
825 3907 870 3960 lib.
883 3909 940 3960 Vll.
952 3907 1057 3962 Setos.

264 3999 287 4040 et
300 3987 328 4040 in
339 4007 365 4040 se
378 3986 526 4060 pessimus.»
541 3985 643 4038 Sclrott.
858 3991 882 4041 5.
894 3988 996 4042 Deinde
1004 3991 1044 4042 aet
1051 3991 1286 4046 elementatis
1295 3990 1339 4044 Ci-

265 4068 270 4074 “
296 4065 320 4116 3.
333 4067 383 4119 Ex
397 4067 514 4134 captione
527 4063 776 4132 rsoiusverbiplum
825 4085 943 4118 seronem
956 4066 1336 4140 delectatumnsqueadeepre·

264 4143 350 4212 signis.
359 4142 429 4195 Talis
438 4145 490 4196 lere
500 4142 619 4215 jocularia
629 4142 716 4196 omnis
727 4142 775 4196 ci·
824 4143 974 4198 locutionem
982 4147 1343 4218 emulorummtsliesntque·
