2876 4804
331 293 379 380 re
709 291 1016 359 pannonum.

330 414 471 474 snltorum
482 457 490 488 ,
502 411 748 493 judiciorumqne3
761 411 923 471 scholarum
937 412 992 471 illae
1000 456 1010 484 ,
1030 411 1072 470 hae
1086 410 1140 471 fori
1156 409 1245 471 inisse
1261 413 1411 472 videan-

330 524 388 570 tur.
401 511 535 570 Rariores
547 521 643 568 tamen
654 507 895 584 deliberationes,
912 509 1027 590 publice
1042 507 1159 589 quidem
1172 531 1189 568 a
1200 509 1411 569 declamato-

331 609 410 668 ribus
419 608 573 682 institutae,
585 599 792 665 Controversiae
808 627 877 665 vero
889 601 1166 688 disceptationesque
1177 605 1384 688 frequentius
1396 631 1406 667 a

330 706 435 787 quibus
449 715 587 784 tanquam
611 704 641 760 in
661 723 748 760 arena
770 704 926 762 exercitata
940 706 1077 782 juventus
1092 705 1123 762 in
1140 702 1238 763 Solem
1264 704 1406 764 tandem

330 814 535 883 aspectumque
550 799 696 880 prodiret,
714 821 871 881 causasque
881 799 1068 860 advocatione
1078 798 1280 860 defendendas
1294 804 1408 861 susci-

332 911 422 981 peret.
438 897 496 958 Sed
510 898 569 956 haec
583 897 628 956 M.
645 897 752 956 Fabius
764 897 912 956 rhetorum
932 899 1061 978 princeps
1074 899 1203 978 copiose,
1218 910 1253 957 ut
1264 900 1380 957 omnia
1396 945 1406 972 ,

331 1019 393 1078 cap.
409 1015 460 1066 ιο,
476 995 528 1053 ΙΙΙ).
544 994 609 1068 ΙΙΙ,
626 996 829 1074 pertractavit,
840 993 976 1074 idemque
989 993 1248 1075 Progymnasmata
1267 1017 1328 1054 seu
1344 997 1408 1077 pri-

196 1109 200 1118 ·
233 1149 237 1160 ,
332 1103 393 1152 ruas
403 1091 478 1174 apud
492 1091 635 1151 rhetorem
652 1091 884 1165 exercitationes,
899 1089 948 1149 lib.
962 1090 1010 1166 ll,
1024 1112 1086 1171 cap.
1100 1087 1129 1167 4,
1143 1093 1282 1172 premitti
1294 1093 1406 1153 solere

333 1187 618 1265 nudiustertius,
636 1191 793 1264 Apologus,
810 1187 991 1261 Sententiae,
1010 1188 1131 1260 Theseo,
1145 1200 1313 1269 caeteraque
1334 1211 1407 1270 quar

333 1287 435 1346 Theon
449 1328 457 1360 ,
474 1284 656 1366 Aphthonius
672 1297 702 1342 et
711 1283 875 1342 Priscianus
888 1295 1118 1365 pertractarunt,
1131 1283 1351 1366 ducebantque
1365 1286 1408 1345 ad

336 1382 511 1457 Aristotelis,
523 1394 573 1441 aut
582 1381 773 1461 Hermogenis
780 1381 876 1461 potius
885 1381 1062 1440 subtiliorem
1075 1382 1151 1440 viam
1160 1425 1169 1455 ,
1179 1394 1230 1439 aut
1238 1381 1288 1441 M.
1298 1381 1406 1443 Tullii

334 1483 438 1543 fontes.
456 1481 501 1541 Ad
514 1479 647 1539 eumdem
664 1479 780 1540 modurn
789 1475 985 1540 Suasior'ribus
998 1479 1036 1539 ad
1053 1479 1270 1539 Contmversias
1284 1481 1405 1560 praeln-

335 1579 403 1640 dere
416 1577 507 1638 Graeci
523 1577 616 1637 solent
626 1601 633 1636 a
643 1599 810 1657 quanquam
826 1598 858 1634 ea
872 1589 931 1635 tota
946 1577 1019 1636 ratio
1036 1575 1270 1636 aGrammaticis
1293 1577 1406 1637 Roma

336 1687 471 1757 occupata
487 1688 549 1750 est,
571 1697 603 1732 ac
624 1672 760 1754 relegata.
777 1673 913 1754 Plerique
926 1674 1019 1748 enim,
1037 1675 1144 1733 artium
1158 1673 1265 1733 finibus
1282 1677 1402 1748 motis,

337 1774 473 1834 terminos
485 1771 631 1831 transilire
642 1782 777 1852 satagunt
792 1766 815 1828 Ι.
830 1769 925 1829 Anum
943 1767 1099 1831 Seremus.

390 1965 514 2040 Denique
529 1969 626 2021 itrcedit
635 1963 761 2020 loannes
776 1962 957 2033 Senomagos
979 1967 1028 2036 qui
1038 1965 1160 2022 Anemo
1171 1967 1284 2022 Schelle
1299 1970 1347 2023 sic

784 2057 930 2108 assentitur
940 2073 948 2106 .·

378 2209 590 2272 Constitueram
600 2205 747 2267 Suasorias
755 2205 901 2288 praemissis
908 2204 1117 2266 Controuersiis
1125 2205 1284 2284 rejicerein
1293 2205 1401 2266 finem:

337 2309 405 2390 quia
419 2307 486 2366 satis
496 2307 556 2385 ipse
568 2303 677 2362 latetur
687 2301 814 2376 Seneca,
830 2301 968 2362 Controv.
977 2299 1049 2376 ΧΙΙ,
1064 2300 1128 2361 illas
1141 2321 1170 2360 se
1181 2303 1331 2382 posterius
1341 2326 1404 2384 pu-

337 2405 496 2465 blicavisse.
518 2401 613 2480 Quem
637 2401 724 2460 etiam
743 2399 873 2484 ordinem
894 2398 963 2458 olim
984 2399 1117 2479 probasse
1137 2399 1219 2458 video
1233 2397 1399 2460 Nicolaum

337 2491 466 2565 Fabium
473 2520 618 2558 summum
626 2483 708 2556 illum
718 2499 779 2558 sine
785 2495 873 2557 dubio
884 2496 1002 2577 iugenio
1010 2507 1098 2577 atque
1108 2496 1271 2556 eruditione
1284 2499 1401 2573 virum,

339 2604 421 2680 cujus
431 2597 602 2658 immortalia
611 2598 664 2656 hos
675 2598 705 2654 in
719 2596 807 2654 libros
818 2606 887 2654 sunt
895 2594 1006 2653 merita.
1014 2592 1174 2674 Postquam
1183 2606 1283 2652 tamen
1292 2597 1403 2654 anim-

339 2698 448 2758 adverti
472 2697 501 2754 in
527 2694 728 2774 antiquissima
743 2692 868 2752 editione
882 2689 995 2750 Veneta
1009 2694 1089 2766 (cam
1104 2689 1243 2750 utendam
1257 2695 1364 2773 aocepi
1385 2716 1403 2752 a

340 2795 502 2856 Clarissimo
518 2794 578 2850 viro
590 2790 655 2849 Joh.
668 2787 794 2868 Georgia
801 2787 934 2862 Graevio,
949 2809 1035 2868 quern
1049 2787 1218 2847 eruditionis
1232 2799 1263 2848 et
1278 2789 1403 2849 virtutis

339 2913 423 2951 causa
430 2890 566 2963 nomino)
574 2887 700 2967 primum
708 2880 949 2972 Suasoiiislocum
960 2884 1059 2944 datum
1070 2908 1078 2942 a
1089 2896 1227 2964 praterea
1238 2896 1401 2966 postquam

339 2987 425 3048 rediit
435 2988 465 3044 in
482 2994 610 3042 mentem
624 3003 681 3040 uon
698 2981 834 3060 temporis
847 2992 962 3039 tanturn
974 3025 982 3055 ,
992 3002 1051 3061 qno
1067 2980 1115 3038 vel
1131 2982 1246 3061 scripti,
1262 2979 1312 3038 vel
1326 2983 1401 3042 editi

340 3095 409 3144 sunt
422 3082 487 3140 libri
501 3126 509 3155 ,
523 3063 573 3139 sed
588 3091 616 3138 et
635 3079 752 3152 reruni,
768 3099 840 3158 quas
853 3077 1040 3157 praecipiunt,
1055 3067 1262 3151 conlinentve,
1278 3077 1401 3138 haben-

341 3182 408 3242 dam
431 3179 595 3238 rationem:
610 3197 668 3256 qua
684 3174 720 3234 de
742 3195 826 3233 causa
840 3195 898 3233 non
914 3173 1122 3254 dubitaverunt
1137 3173 1242 3234 eruditi
1252 3175 1401 3238 Historias

341 3278 452 3364 Taciti,
463 3295 632 3357 quanquam
646 3283 727 3356 natas
741 3272 819 3352 prius
835 3283 923 3351 atque
938 3269 1028 3330 editas
1041 3271 1072 3328 in
1087 3270 1182 3329 lucem
1194 3314 1203 3344 ,
1213 3281 1312 3330 tanmu
1328 3273 1400 3331 sub-

340 3378 464 3457 jungere
476 3371 636 3433 Annalibus
648 3393 654 3427 :
666 3368 786 3442 horum,
800 3369 941 3448 inquam,
955 3388 1009 3448 ego
1018 3367 1258 3447 contemplatione
1271 3413 1280 3444 ,
1294 3369 1326 3426 in
1346 3369 1400 3428 di-

342 3493 454 3533 versam
469 3469 617 3528 traductus
635 3466 828 3539 sententiam,
842 3465 915 3545 coepi
929 3465 1002 3524 nihil
1018 3476 1130 3524 mutare
1148 3463 1241 3524 velles
1254 3487 1353 3545 quum
1368 3466 1398 3526 id

343 3572 380 3630 sit
390 3568 578 3630 certissimum
587 3605 597 3638 ,
612 3568 641 3622 el
654 3563 741 3644 vulgo
754 3565 813 3642 jam
830 3559 979 3621 doctorum
997 3563 1053 3620 non
1068 3563 1219 3642 ignotum,
1242 3559 1398 3622 Suasorias

343 3679 482 3748 tanquam
496 3663 591 3722 minus
602 3658 761 3741 prudentiae
776 3661 924 3739 exigentes
938 3659 1034 3739 pueris
1048 3658 1209 3740 delegatas,
1222 3651 1398 3719 Controver-

285 3791 286 3798 ¹
344 3784 398 3824 sus
411 3759 617 3821 robustioribus
631 3754 787 3837 assignatas·
803 3753 898 3814 luisse.
907 3753 1049 3814 Eumdem
1065 3753 1155 3836 igitur
1167 3754 1314 3830 ordinem,
1328 3776 1399 3816 eos-

386 3957 409 3988 r.
430 3939 503 3987 Plura
511 3937 566 3986 vide
578 3935 608 3986 de
621 3935 860 3996 Controuersiarum,
872 3931 1056 3990 suasoriarum,
1071 3931 1221 3998 aliarumque
1229 3932 1398 3982 oratoriarum

344 4029 544 4078 exercitationum
555 4027 707 4097 discrimine,
718 4039 807 4092 supra,
826 4029 853 4091 p.
868 4023 901 4072 36
914 4031 940 4070 ct
953 4029 996 4078 4¹·
1006 4022 1051 4070 En.
