<?xml version="1.0" encoding="UTF-8"?>
<!DOCTYPE html PUBLIC "-//W3C//DTD XHTML 1.0 Transitional//EN"
    "http://www.w3.org/TR/xhtml1/DTD/xhtml1-transitional.dtd">
<html xmlns="http://www.w3.org/1999/xhtml" xml:lang="en" lang="en">
 <head>
  <title>
</title>
<meta http-equiv="Content-Type" content="text/html;charset=utf-8" />
  <meta name='ocr-system' content='tesseract 3.04.00' />
  <meta name='ocr-capabilities' content='ocr_page ocr_carea ocr_par ocr_line ocrx_word'/>
</head>
<body>
  <div class='ocr_page' id='page_1' title='image "./lannsenecparspr00bouigoog_0016.png"; bbox 0 0 2876 4804; ppageno 0'>
   <div class='ocr_carea' id='block_1_1' title="bbox 356 276 1114 352">
    <p class='ocr_par' dir='ltr' id='par_1_1' title="bbox 356 276 1114 352">
     <span class='ocr_line' id='line_1_1' title="bbox 356 276 1114 352; baseline 0.008 -9"><span class='ocrx_word' id='word_1_1' title='bbox 356 307 375 352; x_wconf 82' lang='lat'><em>2</em></span> <span class='ocrx_word' id='word_1_2' title='bbox 632 276 818 346; x_wconf 74' lang='lat' dir='ltr'><strong>Nomia</strong></span> <span class='ocrx_word' id='word_1_3' title='bbox 843 279 1114 350; x_wconf 78' lang='lat' dir='ltr'><strong>LITTERARIA</strong></span> 
     </span>
    </p>
   </div>
   <div class='ocr_carea' id='block_1_2' title="bbox 349 399 1427 1419">
    <p class='ocr_par' dir='ltr' id='par_1_2' title="bbox 349 399 1427 1419">
     <span class='ocr_line' id='line_1_2' title="bbox 349 399 1427 493; baseline 0.003 -27"><span class='ocrx_word' id='word_1_4' title='bbox 349 403 422 493; x_wconf 89' lang='lat' dir='ltr'><strong>plus</strong></span> <span class='ocrx_word' id='word_1_5' title='bbox 441 414 572 465; x_wconf 87' lang='lat' dir='ltr'><strong>centurn</strong></span> <span class='ocrx_word' id='word_1_6' title='bbox 592 410 763 462; x_wconf 87' lang='lat' dir='ltr'><strong>auctorum</strong></span> <span class='ocrx_word' id='word_1_7' title='bbox 785 419 963 486; x_wconf 63' lang='lat' dir='ltr'><strong>graecorum</strong></span> <span class='ocrx_word' id='word_1_8' title='bbox 982 399 1237 490; x_wconf 87' lang='lat' dir='ltr'><strong>latinorumque,</strong></span> <span class='ocrx_word' id='word_1_9' title='bbox 1260 406 1317 492; x_wconf 85' lang='lat' dir='ltr'><strong>qui</strong></span> <span class='ocrx_word' id='word_1_10' title='bbox 1334 407 1427 472; x_wconf 76' lang='lat' dir='ltr'><strong>‘Au-</strong></span> 
     </span>
     <span class='ocr_line' id='line_1_3' title="bbox 352 501 1427 596; baseline 0.006 -26"><span class='ocrx_word' id='word_1_11' title='bbox 352 507 436 596; x_wconf 81' lang='lat' dir='ltr'>gusti</span> <span class='ocrx_word' id='word_1_12' title='bbox 455 503 608 570; x_wconf 83' lang='lat' dir='ltr'><strong>saeculum</strong></span> <span class='ocrx_word' id='word_1_13' title='bbox 623 501 940 584; x_wconf 89' lang='lat' dir='ltr'><strong>illustrarunt,acute</strong></span> <span class='ocrx_word' id='word_1_14' title='bbox 959 505 993 568; x_wconf 95' lang='lat' dir='ltr'><strong>in</strong></span> <span class='ocrx_word' id='word_1_15' title='bbox 1009 503 1215 572; x_wconf 89' lang='lat' dir='ltr'><strong>declamando</strong></span> <span class='ocrx_word' id='word_1_16' title='bbox 1226 510 1356 574; x_wconf 87' lang='lat' dir='ltr'><strong>inventa</strong></span> <span class='ocrx_word' id='word_1_17' title='bbox 1384 528 1427 576; x_wconf 75' lang='lat' dir='ltr'><strong>et</strong></span> 
     </span>
     <span class='ocr_line' id='line_1_4' title="bbox 349 602 1427 695; baseline 0.004 -22"><span class='ocrx_word' id='word_1_18' title='bbox 349 608 448 688; x_wconf 80' lang='lat' dir='ltr'><strong>dicta,</strong></span> <span class='ocrx_word' id='word_1_19' title='bbox 466 605 662 686; x_wconf 51' lang='lat' dir='ltr'><strong>sententias,¹</strong></span> <span class='ocrx_word' id='word_1_20' title='bbox 679 602 857 682; x_wconf 87' lang='lat' dir='ltr'>divisiones,</span> <span class='ocrx_word' id='word_1_21' title='bbox 872 605 996 670; x_wconf 91' lang='lat' dir='ltr'><strong>colores</strong></span> <span class='ocrx_word' id='word_1_22' title='bbox 1014 625 1214 695; x_wconf 81' lang='lat' dir='ltr'><strong>congesserat</strong></span> <span class='ocrx_word' id='word_1_23' title='bbox 1230 625 1261 672; x_wconf 89' lang='lat' dir='ltr'><strong>et</strong></span> <span class='ocrx_word' id='word_1_24' title='bbox 1271 611 1359 676; x_wconf 88' lang='lat' dir='ltr'><strong>inter</strong></span> <span class='ocrx_word' id='word_1_25' title='bbox 1376 635 1427 678; x_wconf 85' lang='lat' dir='ltr'><strong>se</strong></span> 
     </span>
     <span class='ocr_line' id='line_1_5' title="bbox 350 711 1427 806; baseline 0.004 -26"><span class='ocrx_word' id='word_1_26' title='bbox 350 713 546 794; x_wconf 80' lang='lat' dir='ltr'><strong>contulerat,</strong></span> <span class='ocrx_word' id='word_1_27' title='bbox 572 711 625 775; x_wconf 84' lang='lat' dir='ltr'><strong>vix</strong></span> <span class='ocrx_word' id='word_1_28' title='bbox 648 711 682 774; x_wconf 90' lang='lat' dir='ltr'><strong>hi</strong></span> <span class='ocrx_word' id='word_1_29' title='bbox 707 711 851 798; x_wconf 86' lang='lat' dir='ltr'><strong>quinque</strong></span> <span class='ocrx_word' id='word_1_30' title='bbox 869 733 878 777; x_wconf 80' lang='grc' dir='ltr'>ι</span> <span class='ocrx_word' id='word_1_31' title='bbox 898 713 1039 800; x_wconf 85' lang='lat' dir='ltr'><strong>primus,</strong></span> <span class='ocrx_word' id='word_1_32' title='bbox 1062 715 1231 798; x_wconf 73' lang='lat' dir='ltr'><strong>secundus,</strong></span> <span class='ocrx_word' id='word_1_33' title='bbox 1256 721 1427 806; x_wconf 69' lang='lat' dir='ltr'><strong>septimas</strong></span> 
     </span>
     <span class='ocr_line' id='line_1_6' title="bbox 351 816 1426 914; baseline 0.006 -30"><span class='ocrx_word' id='word_1_34' title='bbox 351 820 466 910; x_wconf 84' lang='lat' dir='ltr'><strong>(vulgo</strong></span> <span class='ocrx_word' id='word_1_35' title='bbox 490 816 632 904; x_wconf 82' lang='lat' dir='ltr'><strong>tertius),</strong></span> <span class='ocrx_word' id='word_1_36' title='bbox 659 837 760 880; x_wconf 84' lang='lat' dir='ltr'><strong>nonus</strong></span> <span class='ocrx_word' id='word_1_37' title='bbox 789 817 940 906; x_wconf 65' lang='lat' dir='ltr'><strong>(quartae</strong></span> <span class='ocrx_word' id='word_1_38' title='bbox 967 819 1100 907; x_wconf 81' lang='lat' dir='ltr'><strong>vulgo),</strong></span> <span class='ocrx_word' id='word_1_39' title='bbox 1125 822 1264 885; x_wconf 84' lang='lat' dir='ltr'><strong>decimus</strong></span> <span class='ocrx_word' id='word_1_40' title='bbox 1289 823 1426 914; x_wconf 85' lang='lat' dir='ltr'><strong>(vulgo</strong></span> 
     </span>
     <span class='ocr_line' id='line_1_7' title="bbox 350 917 1422 1012; baseline 0.003 -25"><span class='ocrx_word' id='word_1_41' title='bbox 350 919 513 1012; x_wconf 79' lang='lat' dir='ltr'><strong>quimus),</strong></span> <span class='ocrx_word' id='word_1_42' title='bbox 532 941 575 983; x_wconf 92' lang='lat' dir='ltr'><strong>ne</strong></span> <span class='ocrx_word' id='word_1_43' title='bbox 593 919 627 982; x_wconf 93' lang='lat' dir='ltr'><strong>hi</strong></span> <span class='ocrx_word' id='word_1_44' title='bbox 646 917 777 1008; x_wconf 87' lang='lat' dir='ltr'><strong>quidem</strong></span> <span class='ocrx_word' id='word_1_45' title='bbox 795 918 927 1007; x_wconf 84' lang='lat' dir='ltr'><strong>integri,</strong></span> <span class='ocrx_word' id='word_1_46' title='bbox 947 919 1004 984; x_wconf 87' lang='lat' dir='ltr'><strong>sed</strong></span> <span class='ocrx_word' id='word_1_47' title='bbox 1020 920 1163 1009; x_wconf 87' lang='lat' dir='ltr'>corrupti</span> <span class='ocrx_word' id='word_1_48' title='bbox 1179 923 1293 1010; x_wconf 87' lang='lat' dir='ltr'><strong>passim</strong></span> <span class='ocrx_word' id='word_1_49' title='bbox 1308 927 1422 990; x_wconf 88' lang='lat' dir='ltr'><strong>muti-</strong></span> 
     </span>
     <span class='ocr_line' id='line_1_8' title="bbox 350 1017 1423 1112; baseline 0.004 -25"><span class='ocrx_word' id='word_1_50' title='bbox 350 1025 453 1112; x_wconf 87' lang='lat' dir='ltr'><strong>lique;</strong></span> <span class='ocrx_word' id='word_1_51' title='bbox 465 1043 565 1111; x_wconf 88' lang='lat' dir='ltr'><strong>porro</strong></span> <span class='ocrx_word' id='word_1_52' title='bbox 577 1017 741 1106; x_wconf 82' lang='lat' dir='ltr'><strong>Excerptn</strong></span> <span class='ocrx_word' id='word_1_53' title='bbox 751 1017 1006 1108; x_wconf 80' lang='lat' dir='ltr'><strong>sivcfragmenta</strong></span> <span class='ocrx_word' id='word_1_54' title='bbox 1018 1045 1062 1085; x_wconf 75' lang='lat' dir='ltr'><strong>ex</strong></span> <span class='ocrx_word' id='word_1_55' title='bbox 1067 1023 1179 1087; x_wconf 85' lang='lat' dir='ltr'><strong>iisdem</strong></span> <span class='ocrx_word' id='word_1_56' title='bbox 1188 1025 1293 1088; x_wconf 78' lang='lat' dir='ltr'><strong>decem</strong></span> <span class='ocrx_word' id='word_1_57' title='bbox 1304 1026 1423 1112; x_wconf 60' lang='lat' dir='ltr'><strong>libna,</strong></span> 
     </span>
     <span class='ocr_line' id='line_1_9' title="bbox 352 1125 1424 1218; baseline 0.007 -26"><span class='ocrx_word' id='word_1_58' title='bbox 352 1152 434 1218; x_wconf 87' lang='lat' dir='ltr'><strong>quos</strong></span> <span class='ocrx_word' id='word_1_59' title='bbox 445 1125 514 1192; x_wconf 90' lang='lat' dir='ltr'><strong>liliis</strong></span> <span class='ocrx_word' id='word_1_60' title='bbox 525 1126 589 1191; x_wconf 88' lang='lat' dir='ltr'><strong>suis</strong></span> <span class='ocrx_word' id='word_1_61' title='bbox 600 1125 635 1189; x_wconf 93' lang='lat' dir='ltr'><strong>L.</strong></span> <span class='ocrx_word' id='word_1_62' title='bbox 645 1126 769 1188; x_wconf 81' lang='lat' dir='ltr'><strong>Annaeo</strong></span> <span class='ocrx_word' id='word_1_63' title='bbox 782 1141 813 1188; x_wconf 90' lang='lat' dir='ltr'><strong>et</strong></span> <span class='ocrx_word' id='word_1_64' title='bbox 825 1126 915 1214; x_wconf 86' lang='lat' dir='ltr'><strong>(qui,</strong></span> <span class='ocrx_word' id='word_1_65' title='bbox 932 1143 1101 1216; x_wconf 87' lang='lat' dir='ltr'>postquam</span> <span class='ocrx_word' id='word_1_66' title='bbox 1116 1152 1135 1194; x_wconf 91' lang='lat' dir='ltr'><strong>a</strong></span> <span class='ocrx_word' id='word_1_67' title='bbox 1148 1131 1165 1194; x_wconf 90' lang='lat' dir='ltr'>J</span> <span class='ocrx_word' id='word_1_68' title='bbox 1167 1132 1244 1195; x_wconf 94' lang='lat' dir='ltr'><strong>unio</strong></span> <span class='ocrx_word' id='word_1_69' title='bbox 1260 1131 1424 1199; x_wconf 80' lang='lat' dir='ltr'>Gallione</span> 
     </span>
     <span class='ocr_line' id='line_1_10' title="bbox 353 1227 1424 1320; baseline 0.005 -25"><span class='ocrx_word' id='word_1_70' title='bbox 353 1230 522 1319; x_wconf 90' lang='lat' dir='ltr'><strong>adoptatus</strong></span> <span class='ocrx_word' id='word_1_71' title='bbox 537 1243 634 1307; x_wconf 85' lang='lat' dir='ltr'><strong>esset,</strong></span> <span class='ocrx_word' id='word_1_72' title='bbox 652 1227 766 1292; x_wconf 87' lang='lat' dir='ltr'><strong>lunius</strong></span> <span class='ocrx_word' id='word_1_73' title='bbox 779 1227 940 1290; x_wconf 81' lang='lat' dir='ltr'><strong>Annaeus¹</strong></span> <span class='ocrx_word' id='word_1_74' title='bbox 958 1227 1060 1293; x_wconf 88' lang='lat' dir='ltr'><strong>Gallio</strong></span> <span class='ocrx_word' id='word_1_75' title='bbox 1082 1229 1185 1295; x_wconf 93' lang='lat' dir='ltr'><strong>dictus</strong></span> <span class='ocrx_word' id='word_1_76' title='bbox 1197 1232 1261 1320; x_wconf 87' lang='lat' dir='ltr'><strong>est)</strong></span> <span class='ocrx_word' id='word_1_77' title='bbox 1281 1235 1424 1300; x_wconf 80' lang='lat' dir='ltr'><strong>Annaeo</strong></span> 
     </span>
     <span class='ocr_line' id='line_1_11' title="bbox 352 1327 1422 1419; baseline 0.001 -20"><span class='ocrx_word' id='word_1_78' title='bbox 352 1333 498 1413; x_wconf 85' lang='lat' dir='ltr'><strong>Novato,</strong></span> <span class='ocrx_word' id='word_1_79' title='bbox 523 1345 555 1394; x_wconf 90' lang='lat' dir='ltr'><strong>et</strong></span> <span class='ocrx_word' id='word_1_80' title='bbox 574 1330 697 1393; x_wconf 84' lang='lat' dir='ltr'><strong>Annaeo</strong></span> <span class='ocrx_word' id='word_1_81' title='bbox 719 1328 829 1408; x_wconf 63' lang='lat' dir='ltr'><strong>Melas,</strong></span> <span class='ocrx_word' id='word_1_82' title='bbox 850 1327 970 1393; x_wconf 89' lang='lat' dir='ltr'><strong>Lucani</strong></span> <span class='ocrx_word' id='word_1_83' title='bbox 994 1331 1134 1419; x_wconf 88' lang='lat' dir='ltr'><strong>parenti,</strong></span> <span class='ocrx_word' id='word_1_84' title='bbox 1153 1332 1274 1396; x_wconf 86' lang='lat' dir='ltr'><strong>Seneca</strong></span> <span class='ocrx_word' id='word_1_85' title='bbox 1295 1335 1422 1400; x_wconf 83' lang='lat' dir='ltr'><strong>inscri-</strong></span> 
     </span>
    </p>
   </div>
   <div class='ocr_carea' id='block_1_3' title="bbox 352 1425 1423 1530">
    <p class='ocr_par' dir='ltr' id='par_1_3' title="bbox 352 1425 1423 1530">
     <span class='ocr_line' id='line_1_12' title="bbox 352 1425 1423 1530; baseline -0.009 -27"><span class='ocrx_word' id='word_1_86' title='bbox 352 1453 467 1527; x_wconf 89' lang='lat' dir='ltr'><strong>pserat.</strong></span> <span class='ocrx_word' id='word_1_87' title='bbox 485 1435 714 1501; x_wconf 73' lang='lat' dir='ltr'><strong>controversias</strong></span> <span class='ocrx_word' id='word_1_88' title='bbox 721 1433 847 1522; x_wconf 82' lang='lat' dir='ltr'><strong>collegit</strong></span> <span class='ocrx_word' id='word_1_89' title='bbox 853 1427 886 1498; x_wconf 91' lang='lat' dir='ltr'><strong>in</strong></span> <span class='ocrx_word' id='word_1_90' title='bbox 893 1425 1037 1500; x_wconf 59' lang='lat' dir='ltr'><strong>&#39;liliorum</strong></span> <span class='ocrx_word' id='word_1_91' title='bbox 1052 1459 1186 1500; x_wconf 90' lang='lat' dir='ltr'><strong>suorum</strong></span> <span class='ocrx_word' id='word_1_92' title='bbox 1198 1462 1291 1520; x_wconf 87' lang='lat' dir='ltr'><strong>usus;</strong></span> <span class='ocrx_word' id='word_1_93' title='bbox 1304 1441 1423 1530; x_wconf 70' lang='lat' dir='ltr'><strong>plera.</strong></span> 
     </span>
    </p>
   </div>
   <div class='ocr_carea' id='block_1_4' title="bbox 251 1535 1421 1629">
    <p class='ocr_par' dir='ltr' id='par_1_4' title="bbox 251 1535 1421 1629">
     <span class='ocr_line' id='line_1_13' title="bbox 251 1535 1421 1629; baseline 0.003 -25"><span class='ocrx_word' id='word_1_94' title='bbox 251 1609 256 1623; x_wconf 34' lang='grc' dir='ltr'>Ι</span> <span class='ocrx_word' id='word_1_95' title='bbox 352 1563 418 1628; x_wconf 91' lang='lat' dir='ltr'><strong>que</strong></span> <span class='ocrx_word' id='word_1_96' title='bbox 434 1553 543 1603; x_wconf 86' lang='lat' dir='ltr'><strong>autem</strong></span> <span class='ocrx_word' id='word_1_97' title='bbox 561 1559 600 1600; x_wconf 87' lang='lat' dir='ltr'><strong>ex</strong></span> <span class='ocrx_word' id='word_1_98' title='bbox 619 1535 773 1599; x_wconf 88' lang='lat' dir='ltr'><strong>memoria</strong></span> <span class='ocrx_word' id='word_1_99' title='bbox 784 1556 856 1615; x_wconf 89' lang='lat' dir='ltr'><strong>sua,</strong></span> <span class='ocrx_word' id='word_1_100' title='bbox 874 1535 925 1600; x_wconf 89' lang='lat' dir='ltr'><strong>vel</strong></span> <span class='ocrx_word' id='word_1_101' title='bbox 940 1559 979 1599; x_wconf 82' lang='lat' dir='ltr'><strong>ex</strong></span> <span class='ocrx_word' id='word_1_102' title='bbox 995 1537 1047 1617; x_wconf 91' lang='lat' dir='ltr'><strong>iis,</strong></span> <span class='ocrx_word' id='word_1_103' title='bbox 1063 1559 1134 1624; x_wconf 86' lang='lat' dir='ltr'><strong>quae</strong></span> <span class='ocrx_word' id='word_1_104' title='bbox 1149 1539 1216 1626; x_wconf 90' lang='lat' dir='ltr'><strong>ipse</strong></span> <span class='ocrx_word' id='word_1_105' title='bbox 1231 1540 1289 1604; x_wconf 91' lang='lat' dir='ltr'><strong>sibi</strong></span> <span class='ocrx_word' id='word_1_106' title='bbox 1304 1565 1421 1629; x_wconf 89' lang='lat' dir='ltr'><strong>quum</strong></span> 
     </span>
    </p>
   </div>
   <div class='ocr_carea' id='block_1_5' title="bbox 352 1625 1425 1827">
    <p class='ocr_par' dir='ltr' id='par_1_5' title="bbox 352 1625 1425 1827">
     <span class='ocr_line' id='line_1_14' title="bbox 352 1625 1422 1727; baseline 0.002 -20"><span class='ocrx_word' id='word_1_107' title='bbox 352 1625 565 1707; x_wconf 89' lang='lat' dir='ltr'><strong>declamantes</strong></span> <span class='ocrx_word' id='word_1_108' title='bbox 578 1636 705 1701; x_wconf 88' lang='lat' dir='ltr'><strong>audiret</strong></span> <span class='ocrx_word' id='word_1_109' title='bbox 716 1640 746 1715; x_wconf 81' lang='lat'><strong>⁸,</strong></span> <span class='ocrx_word' id='word_1_110' title='bbox 767 1651 940 1700; x_wconf 81' lang='lat' dir='ltr'><strong>notaverat</strong></span> <span class='ocrx_word' id='word_1_111' title='bbox 958 1637 1057 1716; x_wconf 80' lang='lat' dir='ltr'><strong>Nam,</strong></span> <span class='ocrx_word' id='word_1_112' title='bbox 1083 1654 1119 1700; x_wconf 92' lang='lat' dir='ltr'><strong>ut</strong></span> <span class='ocrx_word' id='word_1_113' title='bbox 1139 1639 1181 1701; x_wconf 86' lang='lat' dir='ltr'><strong>ait</strong></span> <span class='ocrx_word' id='word_1_114' title='bbox 1198 1641 1285 1727; x_wconf 81' lang='lat' dir='ltr'><strong>praef.</strong></span> <span class='ocrx_word' id='word_1_115' title='bbox 1304 1642 1383 1707; x_wconf 91' lang='lat' dir='ltr'>libri</span> <span class='ocrx_word' id='word_1_116' title='bbox 1401 1645 1422 1709; x_wconf 93' lang='lat' dir='ltr'>I</span> 
     </span>
     <span class='ocr_line' id='line_1_15' title="bbox 352 1737 1425 1827; baseline 0.002 -19"><span class='ocrx_word' id='word_1_117' title='bbox 352 1746 556 1808; x_wconf 86' lang='lat' dir='ltr'><strong>Controvers.</strong></span> <span class='ocrx_word' id='word_1_118' title='bbox 573 1739 631 1802; x_wconf 89' lang='lat' dir='ltr'><strong>ubi</strong></span> <span class='ocrx_word' id='word_1_119' title='bbox 642 1737 804 1801; x_wconf 81' lang='lat' dir='ltr'><strong>memoriae</strong></span> <span class='ocrx_word' id='word_1_120' title='bbox 815 1759 879 1799; x_wconf 89' lang='lat' dir='ltr'><strong>suae</strong></span> <span class='ocrx_word' id='word_1_121' title='bbox 891 1737 1071 1802; x_wconf 87' lang='lat' dir='ltr'><strong>felicitatem</strong></span> <span class='ocrx_word' id='word_1_122' title='bbox 1081 1739 1247 1827; x_wconf 87' lang='lat' dir='ltr'><strong>praedicat,</strong></span> <span class='ocrx_word' id='word_1_123' title='bbox 1257 1756 1338 1808; x_wconf 90' lang='lat' dir='ltr'><strong>tunc</strong></span> <span class='ocrx_word' id='word_1_124' title='bbox 1352 1759 1425 1810; x_wconf 75' lang='lat' dir='ltr'><strong>aut</strong></span> 
     </span>
    </p>
   </div>
   <div class='ocr_carea' id='block_1_6' title="bbox 352 1841 1425 2256">
    <p class='ocr_par' dir='ltr' id='par_1_6' title="bbox 352 1841 1425 2256">
     <span class='ocr_line' id='line_1_16' title="bbox 352 1841 1423 1938; baseline 0.001 -23"><span class='ocrx_word' id='word_1_125' title='bbox 352 1849 439 1916; x_wconf 82' lang='lat' dir='ltr'><strong>nulli</strong></span> <span class='ocrx_word' id='word_1_126' title='bbox 448 1844 527 1935; x_wconf 68' lang='lat' dir='ltr'><strong>fue</strong></span> <span class='ocrx_word' id='word_1_127' title='bbox 549 1846 764 1924; x_wconf 77' lang='lat' dir='ltr'><strong>macinmrum</strong></span> <span class='ocrx_word' id='word_1_128' title='bbox 794 1841 1045 1908; x_wconf 66' lang='lat' dir='ltr'><strong>declarantium</strong></span> <span class='ocrx_word' id='word_1_129' title='bbox 1071 1851 1289 1938; x_wconf 72' lang='lat' dir='ltr'><strong>commentarii</strong></span> <span class='ocrx_word' id='word_1_130' title='bbox 1315 1866 1423 1916; x_wconf 75' lang='lat' dir='ltr'><strong>ecta-</strong></span> 
     </span>
     <span class='ocr_line' id='line_1_17' title="bbox 353 1948 1423 2042; baseline 0.004 -22"><span class='ocrx_word' id='word_1_131' title='bbox 353 1957 447 2036; x_wconf 82' lang='lat' dir='ltr'><strong>bant,</strong></span> <span class='ocrx_word' id='word_1_132' title='bbox 471 1964 546 2034; x_wconf 84' lang='lat' dir='ltr'><strong>aut,</strong></span> <span class='ocrx_word' id='word_1_133' title='bbox 570 1950 659 2041; x_wconf 83' lang='lat' dir='ltr'><strong>quod</strong></span> <span class='ocrx_word' id='word_1_134' title='bbox 675 1949 786 2038; x_wconf 72' lang='lat' dir='ltr'><strong>pip&#39;us,</strong></span> <span class='ocrx_word' id='word_1_135' title='bbox 802 1948 898 2034; x_wconf 84' lang='lat' dir='ltr'><strong>salsi.</strong></span> <span class='ocrx_word' id='word_1_136' title='bbox 924 1950 966 2017; x_wconf 89' lang='lat' dir='ltr'><strong>Et</strong></span> <span class='ocrx_word' id='word_1_137' title='bbox 984 1951 1040 2017; x_wconf 91' lang='lat' dir='ltr'><strong>lib.</strong></span> <span class='ocrx_word' id='word_1_138' title='bbox 1062 1952 1095 2016; x_wconf 94' lang='lat'><strong>11</strong></span> <span class='ocrx_word' id='word_1_139' title='bbox 1117 1955 1321 2021; x_wconf 77' lang='lat' dir='ltr'><strong>Controvers.</strong></span> <span class='ocrx_word' id='word_1_140' title='bbox 1348 1981 1423 2042; x_wconf 70' lang='lat' dir='ltr'><strong>ro,</strong></span> 
     </span>
     <span class='ocr_line' id='line_1_18' title="bbox 353 2053 1425 2152; baseline 0.007 -28"><span class='ocrx_word' id='word_1_141' title='bbox 353 2087 384 2152; x_wconf 91' lang='lat' dir='ltr'><strong>p.</strong></span> <span class='ocrx_word' id='word_1_142' title='bbox 411 2057 489 2140; x_wconf 88' lang='lat'>158,</span> <span class='ocrx_word' id='word_1_143' title='bbox 507 2057 602 2139; x_wconf 82' lang='lat' dir='ltr'><strong>Haec,</strong></span> <span class='ocrx_word' id='word_1_144' title='bbox 616 2053 748 2122; x_wconf 81' lang='lat' dir='ltr'><strong>Nasone</strong></span> <span class='ocrx_word' id='word_1_145' title='bbox 763 2054 854 2145; x_wconf 82' lang='lat' dir='ltr'><strong>apud</strong></span> <span class='ocrx_word' id='word_1_146' title='bbox 867 2053 1033 2121; x_wconf 82' lang='lat' dir='ltr'><strong>Arelliran</strong></span> <span class='ocrx_word' id='word_1_147' title='bbox 1049 2057 1185 2124; x_wconf 76' lang='lat' dir='ltr'><strong>chnm</strong></span> <span class='ocrx_word' id='word_1_148' title='bbox 1200 2060 1339 2146; x_wconf 44' lang='lat' dir='ltr'><strong>dissuta</strong></span> <span class='ocrx_word' id='word_1_149' title='bbox 1353 2087 1425 2131; x_wconf 55' lang='grc' dir='ltr'><strong>αν</strong></span> 
     </span>
     <span class='ocr_line' id='line_1_19' title="bbox 355 2164 597 2256; baseline 0 -24"><span class='ocrx_word' id='word_1_150' title='bbox 355 2165 447 2256; x_wconf 81' lang='lat' dir='ltr'><strong>cepta</strong></span> <span class='ocrx_word' id='word_1_151' title='bbox 459 2164 597 2232; x_wconf 78' lang='lat' dir='ltr'><strong>memini.</strong></span> 
     </span>
    </p>
   </div>
   <div class='ocr_carea' id='block_1_7' title="bbox 301 2326 1426 4068">
    <p class='ocr_par' dir='ltr' id='par_1_7' title="bbox 354 2326 1426 2994">
     <span class='ocr_line' id='line_1_20' title="bbox 354 2326 1423 2404; baseline 0.006 -18"><span class='ocrx_word' id='word_1_152' title='bbox 354 2332 463 2386; x_wconf 83' lang='lat' dir='ltr'><strong>Decem</strong></span> <span class='ocrx_word' id='word_1_153' title='bbox 473 2327 558 2384; x_wconf 81' lang='lat' dir='ltr'><strong>refert</strong></span> <span class='ocrx_word' id='word_1_154' title='bbox 575 2327 615 2382; x_wconf 57' lang='lat' dir='ltr'><strong>ad*</strong></span> <span class='ocrx_word' id='word_1_155' title='bbox 622 2326 724 2397; x_wconf 88' lang='lat' dir='ltr'><strong>libros,</strong></span> <span class='ocrx_word' id='word_1_156' title='bbox 739 2347 813 2399; x_wconf 88' lang='lat' dir='ltr'><strong>non,</strong></span> <span class='ocrx_word' id='word_1_157' title='bbox 832 2339 861 2384; x_wconf 89' lang='lat' dir='ltr'><strong>nt</strong></span> <span class='ocrx_word' id='word_1_158' title='bbox 876 2329 1013 2404; x_wconf 84' lang='lat' dir='ltr'><strong>plerique,</strong></span> <span class='ocrx_word' id='word_1_159' title='bbox 1034 2331 1069 2385; x_wconf 87' lang='lat' dir='ltr'><strong>ad</strong></span> <span class='ocrx_word' id='word_1_160' title='bbox 1082 2331 1217 2389; x_wconf 72' lang='lat' dir='ltr'><strong>rhetores.</strong></span> <span class='ocrx_word' id='word_1_161' title='bbox 1237 2333 1291 2404; x_wconf 84' lang='lat' dir='ltr'><strong>Qui</strong></span> <span class='ocrx_word' id='word_1_162' title='bbox 1307 2335 1423 2401; x_wconf 80' lang='lat' dir='ltr'><strong>Decla,</strong></span> 
     </span>
     <span class='ocr_line' id='line_1_21' title="bbox 358 2425 1423 2502; baseline 0.007 -19"><span class='ocrx_word' id='word_1_163' title='bbox 358 2426 502 2483; x_wconf 78' lang='lat' dir='ltr'><strong>motiones</strong></span> <span class='ocrx_word' id='word_1_164' title='bbox 511 2425 715 2498; x_wconf 82' lang='lat' dir='ltr'><strong>inscripserunt,</strong></span> <span class='ocrx_word' id='word_1_165' title='bbox 730 2445 786 2482; x_wconf 88' lang='lat' dir='ltr'><strong>non</strong></span> <span class='ocrx_word' id='word_1_166' title='bbox 797 2427 886 2481; x_wconf 87' lang='lat' dir='ltr'><strong>minus</strong></span> <span class='ocrx_word' id='word_1_167' title='bbox 900 2425 960 2481; x_wconf 78' lang='lat' dir='ltr'><strong>salsi</strong></span> <span class='ocrx_word' id='word_1_168' title='bbox 972 2437 1048 2496; x_wconf 90' lang='lat' dir='ltr'><strong>sunt,</strong></span> <span class='ocrx_word' id='word_1_169' title='bbox 1061 2447 1141 2501; x_wconf 89' lang='lat' dir='ltr'><strong>quarn</strong></span> <span class='ocrx_word' id='word_1_170' title='bbox 1153 2432 1199 2502; x_wconf 92' lang='lat' dir='ltr'><strong>qui</strong></span> <span class='ocrx_word' id='word_1_171' title='bbox 1212 2430 1369 2487; x_wconf 84' lang='lat' dir='ltr'><strong>tribuerunt</strong></span> <span class='ocrx_word' id='word_1_172' title='bbox 1384 2437 1423 2491; x_wconf 90' lang='lat' dir='ltr'><strong>L.</strong></span> 
     </span>
     <span class='ocr_line' id='line_1_22' title="bbox 356 2519 1425 2597; baseline 0.008 -17"><span class='ocrx_word' id='word_1_173' title='bbox 356 2525 461 2580; x_wconf 73' lang='lat' dir='ltr'><strong>Annas</strong></span> <span class='ocrx_word' id='word_1_174' title='bbox 477 2519 654 2597; x_wconf 83' lang='lat' dir='ltr'><strong>philosopho,</strong></span> <span class='ocrx_word' id='word_1_175' title='bbox 668 2533 702 2576; x_wconf 88' lang='lat' dir='ltr'><strong>ut</strong></span> <span class='ocrx_word' id='word_1_176' title='bbox 717 2523 891 2577; x_wconf 72' lang='lat' dir='ltr'><strong>&#39;Iln‘tbemius</strong></span> <span class='ocrx_word' id='word_1_177' title='bbox 904 2523 966 2578; x_wconf 81' lang='lat' dir='ltr'><strong>Non</strong></span> <span class='ocrx_word' id='word_1_178' title='bbox 982 2527 1095 2580; x_wconf 87' lang='lat' dir='ltr'><strong>enimin</strong></span> <span class='ocrx_word' id='word_1_179' title='bbox 1110 2525 1153 2580; x_wconf 91' lang='lat' dir='ltr'><strong>his</strong></span> <span class='ocrx_word' id='word_1_180' title='bbox 1169 2525 1246 2581; x_wconf 89' lang='lat' dir='ltr'><strong>libris</strong></span> <span class='ocrx_word' id='word_1_181' title='bbox 1265 2543 1425 2588; x_wconf 78' lang='lat' dir='ltr'><strong>occsnrunt</strong></span> 
     </span>
     <span class='ocr_line' id='line_1_23' title="bbox 357 2620 1426 2698; baseline 0.005 -20"><span class='ocrx_word' id='word_1_182' title='bbox 357 2621 581 2689; x_wconf 76' lang='lat' dir='ltr'><strong>declamationes,</strong></span> <span class='ocrx_word' id='word_1_183' title='bbox 601 2620 650 2676; x_wconf 83' lang='lat' dir='ltr'><strong>sed</strong></span> <span class='ocrx_word' id='word_1_184' title='bbox 667 2639 702 2676; x_wconf 73' lang='lat' dir='ltr'><strong>en</strong></span> <span class='ocrx_word' id='word_1_185' title='bbox 720 2620 963 2676; x_wconf 69' lang='lat' dir='ltr'><strong>declamationibus</strong></span> <span class='ocrx_word' id='word_1_186' title='bbox 982 2622 1079 2678; x_wconf 85' lang='lat' dir='ltr'><strong>selecta</strong></span> <span class='ocrx_word' id='word_1_187' title='bbox 1101 2635 1228 2698; x_wconf 84' lang='lat' dir='ltr'><strong>excerpta</strong></span> <span class='ocrx_word' id='word_1_188' title='bbox 1252 2627 1308 2681; x_wconf 80' lang='lat' dir='ltr'><strong>site</strong></span> <span class='ocrx_word' id='word_1_189' title='bbox 1326 2625 1426 2684; x_wconf 74' lang='lat' dir='ltr'><strong>(lirro-</strong></span> 
     </span>
     <span class='ocr_line' id='line_1_24' title="bbox 358 2717 1424 2798; baseline 0.007 -24"><span class='ocrx_word' id='word_1_190' title='bbox 358 2719 515 2775; x_wconf 77' lang='lat' dir='ltr'><strong>stomatbiae.</strong></span> <span class='ocrx_word' id='word_1_191' title='bbox 527 2717 663 2790; x_wconf 78' lang='lat' dir='ltr'><strong>Hocopus</strong></span> <span class='ocrx_word' id='word_1_192' title='bbox 675 2721 755 2782; x_wconf 83' lang='lat' dir='ltr'><strong>etiam</strong></span> <span class='ocrx_word' id='word_1_193' title='bbox 762 2720 1011 2793; x_wconf 70' lang='lat' dir='ltr'><strong>innnsnnotymu</strong></span> <span class='ocrx_word' id='word_1_194' title='bbox 1021 2722 1140 2794; x_wconf 73' lang='lat' dir='ltr'><strong>scriptor</strong></span> <span class='ocrx_word' id='word_1_195' title='bbox 1149 2739 1241 2776; x_wconf 85' lang='lat' dir='ltr'><strong>rerum</strong></span> <span class='ocrx_word' id='word_1_196' title='bbox 1251 2723 1424 2798; x_wconf 75' lang='lat' dir='ltr'><strong>Britannias,</strong></span> 
     </span>
     <span class='ocr_line' id='line_1_25' title="bbox 356 2811 1425 2895; baseline 0.009 -28"><span class='ocrx_word' id='word_1_197' title='bbox 356 2816 403 2872; x_wconf 90' lang='lat' dir='ltr'><strong>ubi</strong></span> <span class='ocrx_word' id='word_1_198' title='bbox 423 2815 518 2885; x_wconf 76' lang='lat' dir='ltr'><strong>allegat</strong></span> <span class='ocrx_word' id='word_1_199' title='bbox 539 2811 680 2868; x_wconf 86' lang='lat' dir='ltr'><strong>Senecam</strong></span> <span class='ocrx_word' id='word_1_200' title='bbox 698 2815 734 2870; x_wconf 88' lang='lat' dir='ltr'><strong>de</strong></span> <span class='ocrx_word' id='word_1_201' title='bbox 757 2813 874 2874; x_wconf 73' lang='lat' dir='ltr'><strong>Cauris.</strong></span> <span class='ocrx_word' id='word_1_202' title='bbox 897 2815 998 2894; x_wconf 75' lang='lat' dir='ltr'><strong>(Plura</strong></span> <span class='ocrx_word' id='word_1_203' title='bbox 1013 2817 1123 2876; x_wconf 87' lang='lat' dir='ltr'><strong>devera</strong></span> <span class='ocrx_word' id='word_1_204' title='bbox 1136 2819 1212 2876; x_wconf 70' lang='lat' dir='ltr'><strong>ltu-r.</strong></span> <span class='ocrx_word' id='word_1_205' title='bbox 1234 2822 1425 2895; x_wconf 73' lang='lat' dir='ltr'><strong>inscriptione</strong></span> 
     </span>
     <span class='ocr_line' id='line_1_26' title="bbox 356 2910 1011 2994; baseline 0.009 -26"><span class='ocrx_word' id='word_1_206' title='bbox 356 2912 419 2968; x_wconf 89' lang='lat' dir='ltr'><strong>vide</strong></span> <span class='ocrx_word' id='word_1_207' title='bbox 430 2910 517 2980; x_wconf 83' lang='lat' dir='ltr'><strong>infra,</strong></span> <span class='ocrx_word' id='word_1_208' title='bbox 529 2911 558 2964; x_wconf 92' lang='lat' dir='ltr'><strong>in</strong></span> <span class='ocrx_word' id='word_1_209' title='bbox 567 2910 628 2966; x_wconf 87' lang='lat' dir='ltr'><strong>Nic.</strong></span> <span class='ocrx_word' id='word_1_210' title='bbox 643 2911 725 2967; x_wconf 86' lang='lat' dir='ltr'><strong>Fabri</strong></span> <span class='ocrx_word' id='word_1_211' title='bbox 737 2913 839 2985; x_wconf 82' lang='lat' dir='ltr'><strong>praesat</strong></span> <span class='ocrx_word' id='word_1_212' title='bbox 850 2915 896 2970; x_wconf 89' lang='lat' dir='ltr'><strong>lio.</strong></span> <span class='ocrx_word' id='word_1_213' title='bbox 909 2934 935 2988; x_wconf 88' lang='lat' dir='ltr'><strong>p.</strong></span> <span class='ocrx_word' id='word_1_214' title='bbox 955 2913 1011 2994; x_wconf 86' lang='lat' dir='ltr'><strong>to.)</strong></span> 
     </span>
    </p>

    <p class='ocr_par' dir='ltr' id='par_1_8' title="bbox 354 3008 1424 3871">
     <span class='ocr_line' id='line_1_27' title="bbox 398 3008 1424 3091; baseline 0.012 -26"><span class='ocrx_word' id='word_1_215' title='bbox 398 3027 423 3065; x_wconf 89' lang='grc' dir='ltr'><strong>ι.</strong></span> <span class='ocrx_word' id='word_1_216' title='bbox 438 3011 572 3064; x_wconf 78' lang='lat' dir='ltr'><strong>Annaeur</strong></span> <span class='ocrx_word' id='word_1_217' title='bbox 587 3008 698 3078; x_wconf 84' lang='lat' dir='ltr'><strong>scribas,</strong></span> <span class='ocrx_word' id='word_1_218' title='bbox 710 3029 745 3064; x_wconf 84' lang='lat' dir='ltr'><strong>sn</strong></span> <span class='ocrx_word' id='word_1_219' title='bbox 759 3013 891 3082; x_wconf 75' lang='lat' dir='ltr'><strong>Aunesis,</strong></span> <span class='ocrx_word' id='word_1_220' title='bbox 902 3023 933 3068; x_wconf 90' lang='lat' dir='ltr'><strong>ut</strong></span> <span class='ocrx_word' id='word_1_221' title='bbox 947 3016 1026 3070; x_wconf 78' lang='lat' dir='ltr'><strong>estin</strong></span> <span class='ocrx_word' id='word_1_222' title='bbox 1040 3017 1132 3084; x_wconf 85' lang='lat' dir='ltr'><strong>mstis,</strong></span> <span class='ocrx_word' id='word_1_223' title='bbox 1151 3017 1265 3091; x_wconf 84' lang='lat' dir='ltr'><strong>perinde</strong></span> <span class='ocrx_word' id='word_1_224' title='bbox 1280 3028 1321 3071; x_wconf 83' lang='lat' dir='ltr'><strong>est</strong></span> <span class='ocrx_word' id='word_1_225' title='bbox 1330 3037 1338 3072; x_wconf 78' lang='grc' dir='ltr'>ι</span> <span class='ocrx_word' id='word_1_226' title='bbox 1348 3021 1424 3076; x_wconf 83' lang='lat' dir='ltr'><strong>vide</strong></span> 
     </span>
     <span class='ocr_line' id='line_1_28' title="bbox 355 3105 1424 3183; baseline 0.011 -21"><span class='ocrx_word' id='word_1_227' title='bbox 355 3106 504 3162; x_wconf 83' lang='lat' dir='ltr'><strong>Pontncum</strong></span> <span class='ocrx_word' id='word_1_228' title='bbox 514 3105 551 3160; x_wconf 89' lang='lat' dir='ltr'><strong>ad</strong></span> <span class='ocrx_word' id='word_1_229' title='bbox 561 3107 669 3162; x_wconf 86' lang='lat' dir='ltr'><strong>Eusebii</strong></span> <span class='ocrx_word' id='word_1_230' title='bbox 683 3107 783 3162; x_wconf 81' lang='lat' dir='ltr'><strong>Chaon.</strong></span> <span class='ocrx_word' id='word_1_231' title='bbox 799 3129 857 3182; x_wconf 77' lang='lat' dir='ltr'><strong>pag.</strong></span> <span class='ocrx_word' id='word_1_232' title='bbox 876 3109 1019 3183; x_wconf 81' lang='lat'><strong>571-573.</strong></span> <span class='ocrx_word' id='word_1_233' title='bbox 1030 3113 1073 3166; x_wconf 90' lang='lat' dir='ltr'><strong>De</strong></span> <span class='ocrx_word' id='word_1_234' title='bbox 1089 3113 1143 3169; x_wconf 87' lang='lat' dir='ltr'><strong>hoc</strong></span> <span class='ocrx_word' id='word_1_235' title='bbox 1159 3115 1295 3170; x_wconf 81' lang='lat' dir='ltr'><strong>Gallione</strong></span> <span class='ocrx_word' id='word_1_236' title='bbox 1306 3122 1424 3174; x_wconf 82' lang='lat' dir='ltr'><strong>mentio</strong></span> 
     </span>
     <span class='ocr_line' id='line_1_29' title="bbox 356 3203 1423 3278; baseline 0.01 -16"><span class='ocrx_word' id='word_1_237' title='bbox 356 3209 451 3262; x_wconf 78' lang='lat' dir='ltr'><strong>Actor.</strong></span> <span class='ocrx_word' id='word_1_238' title='bbox 466 3203 581 3274; x_wconf 81' lang='lat' dir='ltr'><strong>xvm;</strong></span> <span class='ocrx_word' id='word_1_239' title='bbox 605 3225 650 3275; x_wconf 83' lang='lat' dir='ltr'><strong>ra,</strong></span> <span class='ocrx_word' id='word_1_240' title='bbox 666 3207 713 3261; x_wconf 89' lang='lat' dir='ltr'><strong>ubi</strong></span> <span class='ocrx_word' id='word_1_241' title='bbox 727 3207 788 3262; x_wconf 88' lang='lat' dir='ltr'><strong>vide</strong></span> <span class='ocrx_word' id='word_1_242' title='bbox 809 3210 950 3278; x_wconf 87' lang='lat' dir='ltr'><strong>Grotium,</strong></span> <span class='ocrx_word' id='word_1_243' title='bbox 967 3221 994 3265; x_wconf 89' lang='lat' dir='ltr'><strong>ct</strong></span> <span class='ocrx_word' id='word_1_244' title='bbox 1009 3211 1071 3267; x_wconf 88' lang='lat' dir='ltr'><strong>Nic.</strong></span> <span class='ocrx_word' id='word_1_245' title='bbox 1087 3213 1202 3267; x_wconf 79' lang='lat' dir='ltr'><strong>Antonii</strong></span> <span class='ocrx_word' id='word_1_246' title='bbox 1218 3213 1423 3274; x_wconf 80' lang='lat' dir='ltr'><strong>bibliothecam</strong></span> 
     </span>
     <span class='ocr_line' id='line_1_30' title="bbox 354 3301 1420 3384; baseline 0.011 -27"><span class='ocrx_word' id='word_1_247' title='bbox 354 3315 473 3359; x_wconf 70' lang='lat' dir='ltr'><strong>venum</strong></span> <span class='ocrx_word' id='word_1_248' title='bbox 486 3301 635 3376; x_wconf 73' lang='lat' dir='ltr'><strong>Hispanam</strong></span> <span class='ocrx_word' id='word_1_249' title='bbox 658 3304 704 3358; x_wconf 91' lang='lat' dir='ltr'><strong>lib.</strong></span> <span class='ocrx_word' id='word_1_250' title='bbox 717 3305 750 3373; x_wconf 92' lang='lat'><strong>1,</strong></span> <span class='ocrx_word' id='word_1_251' title='bbox 766 3324 824 3378; x_wconf 89' lang='lat' dir='ltr'><strong>cap.</strong></span> <span class='ocrx_word' id='word_1_252' title='bbox 834 3305 871 3375; x_wconf 72' lang='lat'><strong>63</strong></span> <span class='ocrx_word' id='word_1_253' title='bbox 885 3307 1027 3364; x_wconf 85' lang='lat' dir='ltr'><strong>Barthium</strong></span> <span class='ocrx_word' id='word_1_254' title='bbox 1045 3308 1078 3362; x_wconf 91' lang='lat' dir='ltr'><strong>ad</strong></span> <span class='ocrx_word' id='word_1_255' title='bbox 1091 3310 1206 3365; x_wconf 77' lang='lat' dir='ltr'><strong>Statim</strong></span> <span class='ocrx_word' id='word_1_256' title='bbox 1222 3320 1242 3364; x_wconf 90' lang='lat' dir='ltr'><strong>t.</strong></span> <span class='ocrx_word' id='word_1_257' title='bbox 1258 3311 1286 3380; x_wconf 90' lang='lat'><strong>1,</strong></span> <span class='ocrx_word' id='word_1_258' title='bbox 1302 3330 1330 3384; x_wconf 93' lang='lat' dir='ltr'><strong>p.</strong></span> <span class='ocrx_word' id='word_1_259' title='bbox 1342 3311 1420 3372; x_wconf 71' lang='lat'><strong>251.</strong></span> 
     </span>
     <span class='ocr_line' id='line_1_31' title="bbox 355 3397 1423 3478; baseline 0.009 -23"><span class='ocrx_word' id='word_1_260' title='bbox 355 3401 419 3464; x_wconf 73' lang='lat' dir='ltr'><strong>Fuit</strong></span> <span class='ocrx_word' id='word_1_261' title='bbox 429 3411 457 3455; x_wconf 91' lang='lat' dir='ltr'><strong>et</strong></span> <span class='ocrx_word' id='word_1_262' title='bbox 468 3397 578 3456; x_wconf 87' lang='lat' dir='ltr'><strong>Seneca</strong></span> <span class='ocrx_word' id='word_1_263' title='bbox 589 3399 739 3476; x_wconf 77' lang='lat' dir='ltr'><strong>Episcopus</strong></span> <span class='ocrx_word' id='word_1_264' title='bbox 752 3402 887 3460; x_wconf 86' lang='lat' dir='ltr'><strong>Hierosol.</strong></span> <span class='ocrx_word' id='word_1_265' title='bbox 898 3405 934 3460; x_wconf 86' lang='lat' dir='ltr'><strong>de</strong></span> <span class='ocrx_word' id='word_1_266' title='bbox 947 3423 1001 3478; x_wconf 87' lang='lat' dir='ltr'><strong>quo</strong></span> <span class='ocrx_word' id='word_1_267' title='bbox 1015 3407 1149 3464; x_wconf 83' lang='lat' dir='ltr'><strong>Eusebius</strong></span> <span class='ocrx_word' id='word_1_268' title='bbox 1159 3407 1216 3476; x_wconf 86' lang='lat' dir='ltr'><strong>IV,</strong></span> <span class='ocrx_word' id='word_1_269' title='bbox 1236 3404 1255 3464; x_wconf 83' lang='lat'><strong>5</strong></span> <span class='ocrx_word' id='word_1_270' title='bbox 1268 3407 1376 3466; x_wconf 83' lang='lat' dir='ltr'><strong>Histor.</strong></span> <span class='ocrx_word' id='word_1_271' title='bbox 1392 3425 1423 3470; x_wconf 75' lang='lat' dir='ltr'><strong>ea</strong></span> 
     </span>
     <span class='ocr_line' id='line_1_32' title="bbox 357 3497 1422 3578; baseline 0.008 -21"><span class='ocrx_word' id='word_1_272' title='bbox 357 3499 443 3568; x_wconf 82' lang='lat' dir='ltr'><strong>alius,</strong></span> <span class='ocrx_word' id='word_1_273' title='bbox 467 3499 515 3571; x_wconf 90' lang='lat' dir='ltr'><strong>qui</strong></span> <span class='ocrx_word' id='word_1_274' title='bbox 533 3497 702 3571; x_wconf 74' lang='lat' dir='ltr'><strong>Pelagianarn</strong></span> <span class='ocrx_word' id='word_1_275' title='bbox 730 3500 845 3558; x_wconf 80' lang='lat' dir='ltr'><strong>haeresin</strong></span> <span class='ocrx_word' id='word_1_276' title='bbox 865 3505 962 3578; x_wconf 86' lang='lat' dir='ltr'><strong>sparsit</strong></span> <span class='ocrx_word' id='word_1_277' title='bbox 972 3506 1044 3560; x_wconf 87' lang='lat' dir='ltr'><strong>circa</strong></span> <span class='ocrx_word' id='word_1_278' title='bbox 1056 3523 1121 3558; x_wconf 87' lang='lat' dir='ltr'><strong>ann.</strong></span> <span class='ocrx_word' id='word_1_279' title='bbox 1137 3503 1167 3559; x_wconf 80' lang='lat' dir='ltr'><strong>C.</strong></span> <span class='ocrx_word' id='word_1_280' title='bbox 1181 3504 1250 3578; x_wconf 77' lang='grc'><strong>493,</strong></span> <span class='ocrx_word' id='word_1_281' title='bbox 1270 3523 1354 3578; x_wconf 82' lang='lat' dir='ltr'><strong>quem</strong></span> <span class='ocrx_word' id='word_1_282' title='bbox 1366 3529 1422 3570; x_wconf 61' lang='lat' dir='ltr'><strong>rea·</strong></span> 
     </span>
     <span class='ocr_line' id='line_1_33' title="bbox 356 3596 1421 3678; baseline 0.011 -24"><span class='ocrx_word' id='word_1_283' title='bbox 356 3596 503 3672; x_wconf 80' lang='lat' dir='ltr'><strong>prehendit</strong></span> <span class='ocrx_word' id='word_1_284' title='bbox 527 3597 651 3654; x_wconf 86' lang='lat' dir='ltr'><strong>Gelasius</strong></span> <span class='ocrx_word' id='word_1_285' title='bbox 670 3617 797 3656; x_wconf 86' lang='lat' dir='ltr'><strong>romanus</strong></span> <span class='ocrx_word' id='word_1_286' title='bbox 817 3603 846 3656; x_wconf 92' lang='lat' dir='ltr'><strong>in</strong></span> <span class='ocrx_word' id='word_1_287' title='bbox 860 3603 973 3676; x_wconf 84' lang='lat' dir='ltr'><strong>epistola</strong></span> <span class='ocrx_word' id='word_1_288' title='bbox 990 3603 1025 3658; x_wconf 85' lang='lat' dir='ltr'><strong>ad</strong></span> <span class='ocrx_word' id='word_1_289' title='bbox 1039 3603 1130 3658; x_wconf 86' lang='lat' dir='ltr'><strong>Piceni</strong></span> <span class='ocrx_word' id='word_1_290' title='bbox 1147 3606 1298 3678; x_wconf 75' lang='lat' dir='ltr'><strong>episcopos.</strong></span> <span class='ocrx_word' id='word_1_291' title='bbox 1318 3605 1421 3668; x_wconf 75' lang='lat' dir='ltr'><strong>Euan</strong></span> 
     </span>
     <span class='ocr_line' id='line_1_34' title="bbox 356 3695 1422 3778; baseline 0.008 -29"><span class='ocrx_word' id='word_1_292' title='bbox 356 3705 449 3750; x_wconf 83' lang='lat' dir='ltr'><strong>nostra</strong></span> <span class='ocrx_word' id='word_1_293' title='bbox 463 3705 540 3750; x_wconf 70' lang='lat' dir='ltr'><strong>etate</strong></span> <span class='ocrx_word' id='word_1_294' title='bbox 564 3707 643 3752; x_wconf 87' lang='lat' dir='ltr'><strong>notus</strong></span> <span class='ocrx_word' id='word_1_295' title='bbox 664 3695 773 3754; x_wconf 86' lang='lat' dir='ltr'><strong>Seneca</strong></span> <span class='ocrx_word' id='word_1_296' title='bbox 794 3702 911 3773; x_wconf 87' lang='lat' dir='ltr'><strong>scriptor</strong></span> <span class='ocrx_word' id='word_1_297' title='bbox 935 3701 1019 3774; x_wconf 75' lang='lat' dir='ltr'><strong>gallus</strong></span> <span class='ocrx_word' id='word_1_298' title='bbox 1043 3700 1128 3756; x_wconf 89' lang='lat' dir='ltr'><strong>libelli</strong></span> <span class='ocrx_word' id='word_1_299' title='bbox 1152 3701 1187 3756; x_wconf 88' lang='lat' dir='ltr'><strong>de</strong></span> <span class='ocrx_word' id='word_1_300' title='bbox 1209 3703 1422 3778; x_wconf 70' lang='lat' dir='ltr'><strong>epigrammate,</strong></span> 
     </span>
     <span class='ocr_line' id='line_1_35' title="bbox 356 3793 953 3871; baseline 0.007 -22"><span class='ocrx_word' id='word_1_301' title='bbox 356 3793 474 3866; x_wconf 81' lang='lat' dir='ltr'><strong>Europe</strong></span> <span class='ocrx_word' id='word_1_302' title='bbox 484 3805 604 3850; x_wconf 78' lang='lat' dir='ltr'><strong>savanoe</strong></span> <span class='ocrx_word' id='word_1_303' title='bbox 609 3835 621 3866; x_wconf 89' lang='lat'><em>,</em></span> <span class='ocrx_word' id='word_1_304' title='bbox 641 3795 799 3867; x_wconf 83' lang='lat' dir='ltr'><strong>1718,Jnn.</strong></span> <span class='ocrx_word' id='word_1_305' title='bbox 813 3815 873 3871; x_wconf 76' lang='lat' dir='ltr'><strong>pag.</strong></span> <span class='ocrx_word' id='word_1_306' title='bbox 887 3804 953 3869; x_wconf 69' lang='lat'><strong>274.</strong></span> 
     </span>
    </p>

    <p class='ocr_par' dir='ltr' id='par_1_9' title="bbox 301 3890 1424 4068">
     <span class='ocr_line' id='line_1_36' title="bbox 396 3890 1424 3988; baseline 0.014 -43"><span class='ocrx_word' id='word_1_307' title='bbox 396 3908 424 3946; x_wconf 80' lang='lat' dir='ltr'><strong>a.</strong></span> <span class='ocrx_word' id='word_1_308' title='bbox 446 3890 630 3960; x_wconf 81' lang='lat' dir='ltr'><strong>Quintilianus</strong></span> <span class='ocrx_word' id='word_1_309' title='bbox 642 3891 690 3950; x_wconf 89' lang='lat' dir='ltr'><strong>lib.</strong></span> <span class='ocrx_word' id='word_1_310' title='bbox 699 3894 744 3966; x_wconf 90' lang='lat'><strong>11,</strong></span> <span class='ocrx_word' id='word_1_311' title='bbox 753 3913 812 3969; x_wconf 87' lang='lat' dir='ltr'><strong>cap.</strong></span> <span class='ocrx_word' id='word_1_312' title='bbox 829 3914 859 3950; x_wconf 91' lang='grc' dir='ltr'><strong>ιι</strong></span> <span class='ocrx_word' id='word_1_313' title='bbox 870 3913 876 3950; x_wconf 94' lang='lat'><strong>:</strong></span> <span class='ocrx_word' id='word_1_314' title='bbox 890 3895 1006 3952; x_wconf 83' lang='lat' dir='ltr'><strong>Similes</strong></span> <span class='ocrx_word' id='word_1_315' title='bbox 1018 3894 1233 3952; x_wconf 80' lang='lat' dir='ltr'><strong>commentariis</strong></span> <span class='ocrx_word' id='word_1_316' title='bbox 1237 3911 1410 3969; x_wconf 83' lang='lat' dir='ltr'><strong>puerorum</strong></span> <span class='ocrx_word' id='word_1_317' title='bbox 1414 3957 1424 3988; x_wconf 61' lang='lat'><strong>,</strong></span> 
     </span>
     <span class='ocr_line' id='line_1_37' title="bbox 301 3991 1339 4068; baseline 0.009 -23"><span class='ocrx_word' id='word_1_318' title='bbox 301 4006 303 4014; x_wconf 64' lang='lat'><strong>⁴</strong></span> <span class='ocrx_word' id='word_1_319' title='bbox 359 3991 392 4046; x_wconf 84' lang='lat' dir='ltr'><strong>in</strong></span> <span class='ocrx_word' id='word_1_320' title='bbox 404 4005 477 4064; x_wconf 76' lang='lat' dir='ltr'><strong>quor</strong></span> <span class='ocrx_word' id='word_1_321' title='bbox 490 4007 544 4061; x_wconf 85' lang='lat' dir='ltr'><strong>ea,</strong></span> <span class='ocrx_word' id='word_1_322' title='bbox 555 4009 624 4065; x_wconf 81' lang='lat' dir='ltr'><strong>qnce</strong></span> <span class='ocrx_word' id='word_1_323' title='bbox 635 3991 704 4047; x_wconf 81' lang='lat' dir='ltr'><strong>aliis</strong></span> <span class='ocrx_word' id='word_1_324' title='bbox 715 3993 948 4050; x_wconf 76' lang='lat' dir='ltr'><strong>declamantibus</strong></span> <span class='ocrx_word' id='word_1_325' title='bbox 960 3995 1078 4050; x_wconf 87' lang='lat' dir='ltr'><strong>laudata</strong></span> <span class='ocrx_word' id='word_1_326' title='bbox 1091 4007 1178 4066; x_wconf 78' lang='lat' dir='ltr'><strong>sunt,</strong></span> <span class='ocrx_word' id='word_1_327' title='bbox 1194 4009 1339 4068; x_wconf 58' lang='lat' dir='ltr'><strong>meunt.</strong></span> 
     </span>
    </p>
   </div>
   <div class='ocr_carea' id='block_1_8' title="bbox 0 0 1447 4804">
    <p class='ocr_par' dir='ltr' id='par_1_10' title="bbox 0 0 1447 4804">
     <span class='ocr_line' id='line_1_38' title="bbox 0 0 1447 4804; baseline 0 0"><span class='ocrx_word' id='word_1_328' title='bbox 0 0 1447 4804; x_wconf 95' lang='lat' dir='ltr'><strong> </strong></span> 
     </span>
    </p>
   </div>
  </div>
 </body>
</html>
