2878 4816
239 489 670 561 ccuraoraasraauu
692 493 773 559 ua.
799 493 856 578 11,
884 492 936 561 13.
1051 497 1114 564 ωε

15 713 16 720 ἵ
77 615 230 711 repudium
251 636 396 705 catuo,
422 641 491 708 quo
511 618 564 686 vis
584 615 769 686 liberorum
794 617 1032 712 cupiditatem,
1048 591 1118 713 φῶ
1181 614 1190 644 ¹,

77 751 187 824 smper
198 733 248 800 uti
263 748 423 822 tanquam
438 731 493 798 vir
506 729 580 821 ejus
594 728 779 814 debuisset,
797 749 912 824 postea
924 720 1032 826 magis
1044 751 1119 804 tan·

76 867 156 935 qaam
172 847 411 940 tyrannicida?
928 825 931 832 ¹

112 965 147 1031 L.
157 965 317 1047 Vmerus,
333 965 461 1033 Vinicii
474 963 592 1044 frater,
608 961 752 1032 Fabiani
766 965 914 1034 colorem
928 965 1026 1036 valde
1039 993 1121 1064 pro-

75 1075 177 1161 babat,
193 1095 226 1150 ct
243 1081 380 1161 aiebat,
402 1081 539 1150 onerari
558 1105 695 1152 uxorem
719 1105 788 1152 uuo
818 1081 918 1152 modo
946 1107 1066 1178 potae,
1091 1089 1120 1155 si

75 1189 146 1260 nihii
158 1217 301 1286 unquam
317 1208 484 1262 secretum
498 1193 542 1262 ab
556 1193 615 1262 illa
628 1194 768 1264 maritus
778 1195 965 1268 habuisset.
982 1201 1018 1270 Si
1032 1198 1123 1270 dixe-

76 1308 123 1391 rit,
137 1311 266 1404 inquit,
282 1326 361 1405 post
380 1325 550 1379 tormenta
569 1333 605 1377 sc
628 1310 671 1378 de
691 1311 918 1404 tyrannicidio
931 1317 1120 1409 cogitasse,

75 1435 130 1490 tun
147 1423 409 1516 tyrannicidium
432 1424 531 1492 uxori
559 1422 819 1502 meliusdcbcri
833 1426 976 1511 meruit,
994 1430 1022 1497 si
1036 1445 1123 1498 torta

75 1541 297 1632 tyrannicidam
324 1542 427 1626 iecit,
446 1565 547 1634 quam
564 1541 592 1610 si
606 1542 791 1629 tacuisset·
813 1542 985 1637 Apparet,
1008 1562 1042 1616 et
1057 1548 1124 1615 ali-

15 1687 19 1708 ·
77 1655 142 1746 quid
156 1656 195 1727 de
213 1655 445 1750 tyrannicidio
465 1657 674 1748 cogitatum,
698 1656 741 1726 de
758 1681 826 1750 quo
839 1675 1004 1752 tyrannus
1017 1687 1125 1756 usque

77 1777 303 1869 cosmpicatus
325 1791 400 1858 cst,
423 1790 462 1843 ut
478 1790 666 1866 torqueret.
686 1776 840 1860 Dixerit,
861 1779 1028 1873 cogitatae
1043 1783 1127 1874 qui·-

75 1883 135 1956 dem
153 1911 185 1958 se
208 1888 251 1958 dc
274 1887 506 1982 tyrannicidio
530 1903 609 1956 ante
632 1904 822 1968 tormenta,
850 1889 913 1959 scd
935 1895 1030 1963 uxori
1056 1919 1125 1964 non

15 2027 17 2100 ἰ
76 2000 217 2071 indicaue
233 2029 242 2070 ε
259 2001 403 2093 augebit
415 2000 530 2070 uxoris
547 2001 766 2069 beneficium.
786 2002 943 2072 Liberius
956 2008 1047 2074 enim
1061 2031 1125 2101 po-

15 2113 16 2116 *
74 2118 144 2203 tait,
161 2121 224 2204 ait,
247 2118 518 2212 tyrannicidium
538 2118 712 2200 indicare,
734 2118 827 2210 quod
845 2119 894 2188 illi
912 2126 1126 2192 commissum

15 2235 17 2284 t

74 2253 128 2302 non
143 2253 222 2304 crat.
241 2237 362 2306 Potuit
377 2235 467 2302 enim
483 2257 582 2316 uxor,
602 2235 700 2302 etiam
716 2259 785 2302 non
800 2236 974 2306 indicante
988 2241 1124 2324 marito,

15 2339 16 2344 ἵ
75 2361 127 2418 tam
138 2354 245 2445 magni
260 2350 398 2420 consilii
412 2349 623 2420 molitionem
637 2346 910 2444 deprehendere.
926 2351 971 2424 At
986 2357 1015 2424 si
1034 2357 1127 2427 hunc

73 2463 198 2537 colorem
217 2467 365 2538 Fabiani
390 2489 536 2559 sequor,
558 2481 708 2534 mutuam
729 2467 910 2535 efficiam¹.
931 2471 965 2539 si
984 2469 1064 2539 oiim
1083 2469 1126 2538 dc

15 2559 17 2572 ’
69 2579 282 2671 'tyrannicidio
300 2585 468 2676 cogitavi,
485 2581 662 2652 honestior
675 2607 748 2650 sum
763 2599 859 2652 retus
885 2585 1124 2680 tyrannicida,

73 2713 100 2764 ct
112 2723 174 2769 non
189 2702 334 2796 privatis
351 2699 410 2770 aed
428 2698 577 2794 publicis
591 2699 688 2766 malis
706 2697 752 2766 ad
768 2698 931 2768 ultionem
945 2701 1123 2794 impulsus.

15 2809 16 2822 r

15 2827 17 2852 t

15 3411 17 3446 t

15 3759 18 3820 i

72 2813 117 2898 si,
130 2841 226 2910 pum
237 2820 438 2915 cogitarem,
452 2840 521 2885 non
536 2815 643 2884 celavi
657 2839 796 2885 uxorem
810 2866 822 2902 ,
838 2816 973 2887 facilius
983 2841 1126 2912 persua·

72 2929 145 3002 dabo
165 2958 219 3004 rne
241 2935 368 3004 malam
390 2931 494 3002 hodic
512 2923 672 3002 maritum
690 2957 759 3014 non
778 2955 870 3018 esse,
903 2935 960 3003 cui
992 2957 1126 3029 semper

71 3058 125 3116 tam
141 3049 276 3121 deditus
292 3051 356 3119 tui.
374 3050 431 3120 Ad
446 3049 603 3119 ultimum
615 3047 681 3118 hoc
699 3073 900 3142 consequar,
916 3051 945 3118 si
960 3048 1054 3142 quod
1063 3075 1128 3119 au-

72 3157 166 3232 dierat
187 3167 314 3250 tacuit,
342 3187 413 3232 non
440 3163 646 3232 beneficium
669 3179 738 3246 eat,
770 3163 829 3232 sed
857 3162 957 3232 fides.
984 3165 1050 3233 Hic
1076 3180 1128 3232 cst

71 3275 103 3344 t.
117 3281 291 3364 Vinicius,
313 3304 382 3372 quo
400 3302 500 3348 nemo
519 3279 605 3347 civis
621 3280 794 3347 Romanus
808 3281 844 3347 in
860 3280 1004 3373 agendis
1017 3284 1128 3350 causis

72 3398 255 3486 presentiae
284 3396 407 3466 habuit
430 3395 633 3491 ingenium:
656 3392 827 3486 quidquid
842 3393 944 3490 longa
969 3397 1129 3491 cogitatio
1220 3481 1225 3488 ι

71 3510 112 3580 illi
127 3491 315 3608 prestitum
331 3529 421 3594 crat,
442 3512 553 3612 prima
567 3511 711 3580 intentio
724 3512 831 3582 animi
843 3511 946 3582 dabat
961 3541 969 3580 ι
985 3537 1026 3582 ex
1037 3531 1130 3584 tcm-

70 3650 141 3720 pore
158 3655 275 3702 causas
293 3631 439 3726 agebat,
460 3629 603 3699 sednon
617 3627 832 3696 desiderabat
847 3629 1128 3704 hanccommcn-

69 3825 467 3902 bmrriraqnesitentiumsuum
477 3826 568 3882 marito
619 3826 689 3880 nime
707 3825 901 3881 admittendum.
922 3829 1007 3898 Quum
1027 3827 1127 3895 (utalia

70 3922 195 3980 marn
204 3909 269 3961 farre
278 3928 331 3961 non
343 3919 447 3980 poteret.
461 3906 541 3960 Gran.
618 3904 728 3972 mittam)
737 3905 890 3976 nimirquam
897 3906 1128 3982 putidepaulopost

101 4005 120 4036 ι.
128 3985 166 4038 At
174 3986 269 4040 tiburte
280 3987 388 4040 calorem
397 3983 517 4038 fabiani
524 4003 570 4037 se-
619 3983 653 4038 ita
667 3998 731 4038 esset
739 3984 906 4056 subjunctum
916 4021 924 4050 ,
936 3985 983 4038 nec
993 3983 1129 4039 coherent

68 4078 134 4127 quor,
148 4073 270 4116 mutuam
282 4064 405 4135 efficim.
418 4063 479 4115 Haec
497 4061 518 4116 si
531 4081 570 4114 ra·
618 4063 673 4117 Hic
682 4073 722 4117 est
735 4063 917 4126 driuides,
933 4075 999 4116 certe
1018 4080 1066 4134 ego
1085 4073 1128 4117 te-

68 4137 150 4205 tiam,
169 4143 272 4196 Seneca
289 4161 342 4195 esse
357 4141 518 4204 videbuntur,
530 4139 570 4213 ju·
619 4139 740 4193 maritatis
755 4158 913 4212 nequequam
925 4150 1011 4191 metuo
1024 4147 1127 4207 notaio,

69 4214 235 4273 dirinmsaum
243 4217 436 4293 interponentis,
443 4217 511 4288 quod
522 4217 570 4270 mi·
619 4217 648 4276 si,
656 4217 718 4270 binc
732 4217 876 4288 collegero,
887 4217 936 4270 buc
953 4224 1038 4288 usqne
1050 4215 1128 4272 solius

142 4311 168 4369 l.
193 4311 304 4374 Senecoe
315 4333 386 4394 pars
399 4309 530 4371 secundo.
969 4305 1024 4368 15²
