2878 4816
302 433 369 502 nob
616 435 663 498 Μ.
689 431 833 498 ANNAEI
856 432 1037 500 SENECAE

300 559 392 652 quod
417 575 483 628 tam
508 558 613 628 durus
628 583 702 646 ,εις
727 581 853 650 aegrum
879 555 1017 626 fratrem
1049 582 1118 627 non
1145 558 1274 631 vidisti.
1305 563 1374 634 llle

301 677 416 768 magni
432 696 608 744 successor
622 672 723 743 modo
740 673 936 768 patrimonii
953 689 1052 742 natus
1061 725 1072 760 ,
1095 676 1132 744 in
1149 676 1273 747 lectulo
1287 704 1376 773 pre·

301 793 393 861 cario
412 790 656 859 moriebatur¹.
682 791 760 858 Non
782 812 956 858 servorum
978 790 1078 859 turba
1108 793 1371 882 circumstabat,

302 931 371 1000 non
397 908 581 976 amicorum
609 932 619 973 ε
646 907 738 974 inter
760 904 923 974 infantem
950 922 985 975 et
1009 905 1262 993 mulierculam,
1279 910 1374 982 defi-

302 1021 422 1092 cientis
439 1018 662 1116 adolescentis
679 1018 843 1110 spiritus,
867 1019 904 1084 in
926 1017 1107 1088 adrentum
1132 1044 1245 1090 meum
1267 1025 1374 1092 susti-

303 1137 459 1206 nebatur.
474 1137 520 1202 Ut
534 1135 659 1202 intrari
667 1183 678 1218 ,
695 1133 853 1202 cadentes
862 1134 931 1226 jam
941 1135 1055 1204 oculos
1066 1133 1110 1203 sd
1121 1161 1246 1206 nomen
1257 1162 1374 1208 meum

304 1254 430 1334 erexit,
453 1250 707 1342 fugientemque
731 1251 877 1317 animam
905 1249 1060 1318 retinuit.
1088 1253 1209 1339 Pater,
1233 1233 1372 1348 inquit,

305 1368 396 1463 quod
412 1367 525 1437 adhuc
542 1367 629 1434 nihil
645 1365 846 1459 deprecatus
860 1390 955 1448 snm,
975 1392 1044 1436 non
1058 1373 1268 1440 contumacia
1284 1372 1372 1459 feci3

304 1487 400 1554 fratri
425 1482 674 1552 mandaveram.
699 1481 863 1550 Indicabo
890 1483 953 1550 tibi
969 1485 1113 1552 crimina
1135 1509 1209 1553 mea
1228 1485 1375 1581 :exspi-

304 1618 433 1672 rantem
444 1595 654 1669 cohaeredem
671 1613 765 1667 tuum
783 1596 941 1666 advitam
958 1599 1050 1667 volui
1065 1601 1230 1670 revocari.
1246 1605 1293 1670 Ut
1306 1605 1375 1672 sal·

305 1745 366 1788 vus
392 1731 498 1802 esset,
519 1715 637 1808 rogavi
666 1712 746 1781 deos
764 1739 772 1780 ε
789 1730 843 1799 et,
866 1713 947 1783 licet
970 1713 1174 1787 dementiam
1196 1741 1321 1803 voces,
1345 1721 1376 1789 si

306 1834 459 1909 vixisset,
480 1830 697 1924 recepissem.

313 2013 318 2020 ,
337 1927 495 2018 'Assem
517 1934 616 2014 Fusci
633 1971 756 2014 rareto.
777 1948 938 2017 Securior
951 1973 1042 2017 eram
1056 1951 1214 2042 quoniam
1230 1965 1374 2044 putare-

308 2088 380 2132 ram
394 2063 445 2131 illi
459 2064 571 2130 omnia
584 2077 741 2155 praestare
758 2062 916 2149 fratrem,
935 2083 1041 2157 quum
1054 2064 1168 2133 subito
1181 2068 1375 2136 nuntiatum

309 2196 378 2262 ost,
397 2183 434 2247 in
449 2178 576 2246 ultimis
594 2201 666 2248 esse
682 2176 791 2246 filium
809 2205 818 2247 t
833 2201 898 2247 nec
912 2177 980 2248 hoc
992 2203 1013 2248 a
1027 2179 1144 2249 fratrc.
1159 2181 1191 2249 0
1204 2205 1259 2250 me
1272 2184 1378 2252 mise-

310 2320 402 2378 rum,
421 2293 514 2387 qnod
532 2295 637 2363 solum
654 2310 812 2388 nepotem
829 2291 966 2389 recepi!

359 2413 589 2483 Amomssm.
601 2412 648 2480 Ut
659 2409 746 2479 vidit
755 2433 907 2497 uxorem,
919 2409 1009 2480 vidit
1022 2427 1057 2479 et
1068 2429 1211 2505 patrem,
1227 2413 1376 2485 circum-

310 2525 474 2620 spiciebat
492 2541 525 2593 et
543 2524 694 2592 fratrem.
1279 2617 1282 2626 Α

358 2644 449 2711 Juuu
475 2644 580 2708 Bassa
605 2639 686 2707 Tibi
710 2638 837 2722 debeo,
864 2641 1007 2720 mulier,
1036 2640 1127 2732 quod
1148 2639 1270 2710 babuit
1286 2640 1377 2712 lilius

311 2781 405 2827 meus
420 2758 458 2823 in
476 2777 542 2844 qua
559 2752 658 2821 domo
673 2768 864 2844 aegrotaret.
886 2753 996 2821 Pudet
1009 2752 1125 2822 dicere
1141 2780 1149 2820 :
1167 2771 1205 2824 ut
1216 2770 1376 2848 nepotem

311 2888 551 2964 agnoscerem,
577 2882 714 2958 rogatus
739 2889 828 2933 sum.
851 2869 928 2935 Non
949 2883 1059 2959 potest
1074 2891 1142 2936 uno
1157 2867 1378 2936 criminede-

313 2984 436 3052 mentia
462 2979 622 3070 intelligi.
645 2981 751 3048 Nemo
773 2980 848 3048 sine
866 2983 950 3049 vitio
969 2997 1038 3070 est3
1060 2983 1096 3050 in
1114 2983 1243 3051 Catone
1259 2983 1379 3052 mode-

314 3100 420 3182 ratio,
445 3097 482 3163 in
504 3096 668 3165 Cicerone
686 3099 920 3185 constantia²,
948 3100 983 3165 in
1006 3098 1100 3168 Sulla
1116 3099 1316 3186 clementia,
1333 3101 1379 3169 ad

314 3311 432 3386 deponit,
446 3325 473 3364 ut
491 3311 604 3364 indicant
616 3311 734 3381 subjecta.
748 3309 821 3376 Quo·
869 3309 1056 3379 relinquuntur,
1065 3309 1149 3382 inquit
1156 3310 1259 3384 Ulpian.
1269 3311 1378 3365 lustitut.

313 3411 370 3445 rum
383 3402 496 3444 accurata
512 3400 576 3442 esset
587 3387 711 3442 connexio
722 3386 745 3439 si
754 3386 822 3440 stri-
870 3385 907 3438 tit.
921 3390 969 3454 ab,
982 3385 1031 3440 boe
1039 3399 1075 3440 est
1087 3387 1162 3440 :Non
1172 3387 1271 3441 directis
1284 3387 1377 3456 verbis,

315 3471 375 3524 bas:
386 3491 400 3516 a
408 3469 471 3522 luds
484 3469 511 3521 in
527 3467 587 3520 sinu
601 3487 658 3520 meo
670 3478 694 3518 et
705 3465 789 3518 lilium
798 3477 822 3517 et
870 3465 912 3518 sed
926 3465 1062 3537 precativis.
1073 3463 1172 3520 Senon

315 3550 427 3604 animum
436 3541 579 3621 deposuit.»
591 3547 688 3601 Sclnalt.
904 3563 926 3594 a.
939 3541 975 3594 In
989 3543 1085 3595 δαίων
1094 3545 1247 3605 modemlrb,
1260 3545 1290 3595 in
1303 3545 1379 3597 Cloe-

350 3647 372 3681 t·
385 3629 422 3680 In
432 3626 648 3693 lectulopreenn‘o
656 3623 822 3676 moriebatur.
872 3639 931 3672 rone
947 3621 1100 3673 constantin.
1123 3619 1193 3689 Quid
1210 3620 1232 3672 si
1247 3624 1379 3675 immode-

317 3708 436 3761 Premrs'o
459 3704 533 3761 dare,
554 3701 694 3774 possidere,
714 3700 822 3765 ducere,
872 3701 939 3750 rollo
958 3709 982 3750 et
997 3701 1170 3752 inconstantia
1182 3699 1267 3770 legas,
1281 3714 1309 3752 ut
1324 3702 1378 3758 lere

313 3786 430 3854 frequens
441 3781 469 3832 in
491 3778 540 3830 JC.
551 3778 632 3830 libris.
650 3775 732 3828 Filius
746 3776 823 3850 igitur
872 3774 903 3826 de
917 3773 1014 3828 lllanlio
1035 3789 1059 3830 et
1076 3777 1183 3848 Gurgite
1197 3777 1319 3830 Controv-
1341 3783 1379 3834 25.

315 3861 379 3936 patri
391 3870 507 3931 nepotem
524 3855 634 3907 moriens
653 3855 823 3907 commenda·
871 3853 909 3906 M·
923 3853 1008 3906 Porcii
1020 3853 1123 3908 Catonis
1135 3873 1220 3908 severe
1235 3854 1313 3908 nimis
1326 3868 1379 3911 seta

316 3951 367 4004 rat,
379 3956 461 4008 preces
469 3931 591 3986 adhibens
601 3929 821 4005 potiuntutlloga,
871 3949 975 3984 censura
995 3931 1156 4004 predicatur,
1178 3943 1202 3984 et
1221 3931 1284 3985 vino
1305 3935 1379 3986 etiarn

317 4028 345 4067 ut
354 4015 427 4076 Peto,
441 4022 469 4065 ut
480 4009 617 4078 Deprecor,
628 4019 673 4060 ete.
683 4026 758 4078 qnam
769 4007 823 4079 jus·
872 4008 1015 4080 plusculum
1026 4009 1189 4083 indulgebat,
1202 4009 1273 4063 domi
1284 4030 1379 4084 parcus·

317 4092 476 4143 sioneutena
497 4089 531 4140 Et
547 4085 753 4140 fideicommissa
772 4105 822 4138 non
874 4085 1109 4157 Ciceronisquoque
1118 4083 1287 4140 inconstantia
1297 4099 1379 4142 notata

318 4169 433 4221 civilibus
447 4168 539 4233 verbis,
556 4165 599 4218 sed
612 4162 735 4238 precativo
747 4164 823 4215 modo
873 4164 904 4216 ab
920 4165 1033 4232 remolis5
1047 4186 1097 4236 quo
1115 4185 1140 4220 se
1154 4164 1262 4222 crimine
1275 4187 1377 4242 purgare
