2894 4784
288 389 520 458 EXCERPTA
542 391 702 460 CONTR.
727 393 808 461 LlB.
833 395 887 477 X,
912 396 943 461 5.
1085 395 1152 462 6ι3

82 534 190 588 esset.
219 519 475 613 Quemcumque
491 541 599 611 praeco
616 517 747 587 viderat
769 519 927 602 flentem,
948 521 1152 610 agnoscebat

83 650 290 727 emptorem.
307 634 456 716 Vereor,
472 657 515 700 ne
530 634 606 732 quis
620 657 724 728 quum
738 634 885 708 audierit
898 636 1054 728 Olynthii
1071 637 1152 706 'ver-
1254 665 1256 670 ·

84 748 193 832 bera,
215 765 398 829 tormenta,
419 749 534 840 ignes,
553 771 607 817 me
625 751 724 840 queri
748 747 791 816 de
808 749 970 843 Philippo
986 766 1094 844 putet.
1115 752 1151 822 si

85 865 148 932 isti
164 864 322 946 creditis,
345 865 468 934 iratum
489 865 604 934 Jovem
623 864 773 932 imitatus
793 880 844 933 est
861 891 870 933 ε
887 867 916 933 si
933 865 1053 951 nobis,
1071 868 1164 936 vicit*

87 984 216 1050 iratum
229 977 437 1072 Philippum.
452 983 599 1048 Tantum
612 977 809 1071 patiendum
827 996 877 1048 est
894 983 1056 1074 pingente
1069 986 1154 1052 Par-

89 1095 225 1181 rhasio,
245 1111 407 1189 quantum
431 1096 515 1162 irato
540 1098 634 1164 Jove.
667 1095 859 1163 Miserrime
883 1119 1004 1178 senex,
1030 1097 1153 1189 aliquis

90 1209 181 1282 forte
204 1233 245 1278 ex
263 1209 371 1280 servis
391 1209 457 1276 tuis
485 1206 616 1276 felicius
637 1208 753 1276 serait.
774 1209 809 1275 Si
826 1206 870 1275 sd
888 1210 1153 1280 succurrendum

89 1322 265 1417 proiectus
282 1345 319 1390 es
330 1305 345 1404 ‚⁸
358 1344 483 1413 queror
497 1321 588 1412 quod
602 1345 706 1390 uuum
724 1323 834 1390 emisti
853 1325 905 1390 :si
924 1322 967 1391 ad
986 1339 1153 1416 torquen-
1298 1381 1301 1388 ,

92 1438 196 1523 dum,
216 1460 341 1529 queror
355 1437 446 1529 quod
465 1437 584 1504 ullum.
606 1438 770 1506 Statuitur
783 1461 824 1505 ex
835 1437 940 1505 altera
957 1455 1052 1531 parte
1066 1441 1153 1508 Par-

92 1553 228 1621 rhasius
255 1575 329 1620 cum
358 1552 549 1635 coloribus,
575 1576 615 1620 ex
636 1553 740 1621 altera
768 1568 873 1622 tortor
898 1577 973 1621 oum
1000 1552 1149 1646 ignibus.

90 1668 242 1738 Dubium
259 1684 309 1736 est
329 1669 418 1737 inter
439 1669 521 1750 ista,
541 1669 740 1738 Parrhasius
756 1667 937 1738 studiosius
951 1670 1089 1761 pingat,
1109 1692 1152 1736 an

91 1783 153 1851 ille
171 1785 293 1852 saeviat.
312 1781 516 1851 Producitur
530 1784 715 1876 respiciens
728 1783 870 1875 patriam
889 1805 1003 1851 senex.
1022 1780 1155 1850 Placuit

90 1899 273 1968 Parrhasio
289 1898 402 1966 vultus
418 1897 546 1967 infelix.
565 1898 690 1967 Habuit
701 1915 812 1967 autem
827 1895 958 1994 aliquid
971 1897 1153 1991 Olynthius

88 2012 285 2080 Promethei
310 2011 418 2079 simile
443 2026 477 2079 et
504 2027 582 2080 ante
606 2027 784 2091 tormenta.
813 2011 931 2105 Ignis,
961 2024 1149 2094 tormenta,

90 2125 221 2195 ferrum
238 2126 397 2194 :officina
415 2126 486 2195 hac
503 2128 660 2219 pictoris,
680 2151 725 2194 an
740 2127 893 2221 Philippi
909 2128 983 2194 est?

141 2247 254 2362 PARS
271 2291 461 2360 ALTERA.
481 2293 660 2384 Nunquam
683 2293 784 2360 unius
807 2291 892 2360 malo
910 2290 1045 2386 publica
1064 2291 1151 2366 mma

92 2409 335 2498 corrumpitur.
353 2403 498 2475 Solidior
514 2422 563 2476 est
575 2409 689 2500 opinio
704 2405 980 2493 Atheniensium,
1001 2431 1101 2498 quam
1115 2406 1154 2475 ut

91 2522 287 2592 labefactari
301 2524 476 2592 tormentis
490 2525 613 2617 captivi
627 2527 743 2616 possit.
758 2524 885 2590 Laesisti
893 2571 905 2606 ,
920 2523 1049 2614 inquit,
1065 2546 1153 2591 rem-

92 2636 191 2732 publ.
219 2636 310 2728 quod
330 2637 420 2704 hano
450 2638 615 2728 picturam
641 2638 677 2703 in
703 2634 1174 2728 temploposuisti31aeduut-

91 2753 356 2847 rempublieam‚
375 2753 434 2844 qui
452 2751 581 2844 aliquid
599 2750 649 2820 illi
667 2753 842 2835 auferunt,
859 2775 928 2820 non
945 2751 1005 2842 qui
1024 2746 1153 2843 aliquid
1182 2753 1187 2762 '

92 2861 277 2963 adjiciunt.
292 2871 522 2938 Peccaverunt
544 2891 626 2962 ergo
647 2866 842 2961 recipiendo
860 2865 1024 2949 tabulam,
1046 2882 1080 2934 et
1097 2891 1152 2935 sa·

5 3038 10 3058 ,
94 2983 262 3053 cerdotes.
282 2983 352 3051 Cur
367 2998 478 3049 autem
491 3005 561 3049 non
574 2982 788 3073 reciperent?
801 2981 939 3048 deorum
956 2981 1096 3048 crimina
1115 2980 1153 3047 in

94 3098 229 3191 templis
238 3098 327 3190 picta
336 3112 426 3166 sunt.
443 3097 586 3164 Multum
599 3120 733 3190 semper
745 3097 875 3166 artibus
887 3096 995 3165 licuit.
1011 3095 1150 3182 Medici,

94 3232 134 3284 ut
157 3215 222 3281 vim
247 3215 394 3307 ignotam
421 3213 528 3282 morbi
546 3221 805 3306 cognoscerent,
830 3212 958 3281 viscera
978 3212 1152 3286 hominum

96 3326 321 3408 resciderunt.
