2874 4796
295 427 532 499 nxesnnss
553 427 715 497 conus.
740 429 822 497 mn.
848 431 906 516 ιν,
930 434 962 517 4.
1100 437 1163 526 527

321 741 830 832 CONTROVERSIA
860 745 941 834 IV.

397 951 508 1001 Attus
526 951 697 1001 serumst
715 953 864 1004 weron.

319 1049 328 1062 ἱ
359 1101 432 1164 Lu·
460 1100 589 1184 sepulcri
610 1103 730 1164 violati¹
754 1107 792 1163 sit
812 1108 897 1166 aetio.

88 1237 217 1300 Tuus.
242 1233 355 1296 Bellum
378 1255 462 1316 quassu
475 1242 549 1294 essct
561 1234 591 1294 sir
607 1232 732 1316 quadum
747 1235 879 1312 attae,
895 1237 938 1298 sir
946 1235 1041 1318 sonas
1056 1243 1086 1302 ὑπ
1104 1246 1168 1304 asie

131 1335 247 1398 amieis
259 1335 367 1404 armu,
384 1333 420 1394 de
436 1335 561 1416 sepulcro
577 1331 724 1413 odissi-tis
736 1357 819 1396 unna
834 1339 956 1398 sustulit.
973 1337 1098 1402 Fortiter
1110 1364 1168 1422 pu-

130 1433 667 1516 grrasit,etreposuit.1’rmmsbuccepto
677 1443 828 1494 accusatur
833 1438 954 1516 sepulcri
964 1439 1070 1500 emisti.
1081 1439 1114 1502 C.
1124 1441 1161 1502 D.

138 1596 229 1664 PRO
239 1593 349 1662 vnto
358 1591 512 1662 FORTI.
526 1591 629 1660 Arma
638 1593 696 1660 vix
705 1593 931 1688 contigeram,
947 1613 1059 1666 secuta
1072 1616 1162 1668 sunt.

86 1717 174 1784 Haec
197 1714 226 1780 si
250 1734 362 1798 sumo,
385 1733 480 1778 arms
497 1723 576 1776 sunt
601 1736 609 1777 ι
630 1709 659 1776 si
677 1710 853 1802 relinquo,
876 1713 996 1806 spolia.
1014 1717 1165 1788 Vidisses

36 1831 45 1844 '
86 1850 174 1896 vere
189 1824 315 1894 violari
333 1821 546 1918 sepulcrum,
568 1822 595 1889 si
615 1821 674 1890 iilo
689 1824 838 1892 venisset
865 1824 985 1894 hostis.
1011 1827 1166 1921 Uterque

86 1941 185 2035 qnod
204 1940 304 2010 alteri
325 1937 463 2020 deeset,
483 1933 783 2006 commodavimus.
805 1939 868 2008 Ille
881 1942 955 2010 viro
972 1965 1085 2028 arma,
1101 1967 1165 2038 ego

86 2057 196 2125 armis
209 2057 335 2122 virum.
348 2055 453 2147 Resp.
470 2050 612 2120 muitum
625 2069 805 2122 consecuta
817 2070 885 2142 est3
899 2055 953 2124 vir
965 2057 1062 2126 fortis
1075 2057 1164 2130 nihil

86 2171 218 2266 perdit.
237 2170 428 2239 Necessitas
444 2185 516 2250 est,
536 2193 612 2260 quae
627 2170 783 2262 navigia²
795 2171 890 2262 jactu
904 2189 1080 2262 exonerat;
1097 2198 1164 2243 ne·

86 2287 229 2358 cessitas
245 2265 295 2356 est
303 2337 315 2373 ‚
336 2310 411 2378 quas
424 2282 534 2353 ruinis
548 2283 707 2353 incendia
721 2288 901 2380 opprimit3
917 2291 1098 2360 necessitas
1111 2307 1162 2360 est

86 2405 144 2474 lex
163 2404 338 2497 temporis.
364 2400 563 2496 Quidquam
585 2423 653 2468 non
671 2401 711 2466 fit
728 2399 879 2493 legitime
895 2426 959 2496 pro
982 2398 1165 2498 ³legibus?

84 2520 214 2590 Melius
227 2543 305 2588 cum
318 2519 393 2612 ipso
407 2517 566 2612 sepulcro
579 2529 693 2584 actum
710 2529 779 2600 est,
799 2516 836 2584 in
853 2538 923 2609 quo
937 2516 1068 2588 notiori
1082 2537 1161 2588 sunt

83 2657 184 2705 arms
202 2637 326 2705 iterum
343 2627 512 2702 victricia.
532 2633 600 2700 Pro
621 2628 798 2725 republica
815 2629 1019 2726 plerumque
1034 2635 1160 2727 templa

85 2743 297 2837 nudantur-⁴,
317 2753 404 2818 etin
422 2773 521 2819 usum
540 2731 702 2841 stipendii
719 2745 809 2815 dona
828 2748 1023 2818 conflamus.

134 2926 248 2997 PARS
267 2924 456 2994 ALTERA.
475 2926 585 3024 iieum
604 2921 768 2992 hebemus
792 2923 827 2990 in
852 2924 967 3017 prelio
989 2926 1157 3011 inertem,

84 3045 123 3110 in
148 3043 228 3136 fuge
253 3041 433 3127 audacem,
455 3055 588 3134 turpem
606 3062 675 3106 non
694 3039 806 3108 minus
828 3041 1035 3131 patrocinio,
1056 3065 1158 3134 qnam

84 3159 242 3228 erimine.
267 3157 370 3228 Arme
388 3179 447 3225 sna
466 3151 628 3248 perdidit.
654 3157 726 3222 Hoc
744 3178 903 3224 excusare
920 3181 988 3227 nnn
1004 3174 1155 3251 poterat,

104 3331 270 3400 'nSaepuIsrs'
285 3331 386 3383 eisteti.
397 3326 465 3379 Vide
483 3337 597 3380 vetsmm
680 3325 705 3376 3.
720 3324 874 3397 Quidquam
886 3347 936 3380 usn
938 3328 977 3398 fit
987 3333 1158 3402 legits'nseprs

83 3407 249 3484 prudentium
263 3425 382 3482 response
399 3426 414 3458 s
431 3402 597 3460 Treboniam)
646 3404 754 3474 iegibus,
768 3415 814 3458 etc.
824 3403 900 3458 Liber
910 3425 976 3462 unns
986 3425 993 3460 ι
1002 3413 1067 3462 dum
1079 3414 1158 3479 que'd-

14 3485 21 3494 ’
84 3489 113 3540 in
125 3485 246 3539 Pendeet.
258 3483 301 3536 lib.
313 3481 597 3548 va11‚sir.=2‚eon-
647 3500 729 3549 quam
741 3501 794 3533 nors
797 3483 838 3552 fit
848 3485 962 3552 Iegits'ssse
969 3505 977 3544 ,·
989 3489 1084 3539 melius
1096 3507 1157 3541 cnm

79 3577 161 3640 geste
171 3563 268 3619 Setnse
646 3559 834 3626 iptosepuiero
844 3569 995 3626 eetesmest,
1008 3565 1160 3633 inquom-

118 3663 143 3698 s.
164 3641 311 3696 Nmsss'tas
331 3649 384 3704 est,
406 3656 464 3706 qua
481 3637 596 3706 navigia.
646 3637 713 3688 tiore
735 3643 797 3688 suet
819 3638 912 3688 iterum
931 3657 1011 3690 arma
1033 3643 1159 3695 vtctrtcta.

84 3721 174 3775 Exstat
183 3720 285 3791 elegans
294 3717 390 3770 Mirans
402 3715 434 3768 de
443 3717 598 3768 Necessitate
645 3711 718 3764 Libri
735 3732 797 3780 uero
813 3712 918 3785 legunt:
928 3734 1092 3786 quarnqnam
1107 3737 1159 3769 surr

86 3799 216 3854 Lebmiis
232 3797 330 3853 Gessre
347 3797 429 3851 esseti
449 3796 477 3848 in
496 3813 597 3848 scenam
646 3795 682 3843 sit
692 3792 804 3859 legittim
811 3810 861 3861 pm
880 3794 998 3862 tepidum
1013 3795 1106 3848 metius
1119 3805 1160 3850 est

83 3877 203 3951 prodire,
225 3895 305 3948 quum
322 3876 375 3950 jam
389 3893 465 3946 eques
487 3877 597 3928 Reman.
645 3889 688 3924 em
708 3871 764 3939 i⁰⁸⁰
783 3873 915 3939 sepulcrm·
928 3871 1033 3939 sectum
1055 3883 1111 3938 εσυ
1130 3877 1158 3926 irs

84 3959 164 4010 iaetus
177 3967 256 4020 esset,
271 3953 336 4028 apud
348 3953 510 4008 Mserobium
520 3953 564 4006 iib.
575 3953 598 4006 ll
638 3957 700 4019 'quo
712 3952 815 4000 nouom
827 3958 888 4000 sunt
903 3965 981 4000 arms
997 3951 1090 4012 iterum
1102 3953 1160 4002 vie-

85 4037 190 4088 Ssturn.
210 4053 265 4108 esp·
290 4053 312 4100 7.
337 4033 402 4085 Eum
425 4033 457 4084 sd
479 4031 601 4088 Goatmv.
651 4030 734 4081 vicia.
748 4025 844 4079 Sedatt.

84 4132 116 4182 ²7
132 4111 256 4183 adscripsi
269 4124 389 4162 :transeo
402 4109 486 4180 iteqne
497 4109 530 4162 sd
541 4109 600 4161 siis.
686 4108 711 4172 4.
723 4107 778 4160 Ρω
786 4108 882 4175 republ.
898 4109 1051 4175 plerumque
1064 4111 1161 4177 temple

85 4187 184 4243 Seston·
405 4199 408 4204 '
434 4210 436 4218 ·
655 4186 795 4236 nudentur.
815 4181 885 4234 idem
906 4181 1007 4256 Religio
1028 4183 1115 4252 docet,
1133 4185 1161 4238 in
