2878 4816
251 451 687 524 CONTROVERSIARUM
711 454 791 522 uu.
817 454 870 536 11,
900 476 951 520 ιο.
1071 455 1132 521 185

80 583 278 650 miscuerunt
300 605 309 646 ε
331 575 483 670 quaedam
501 576 626 644 vicaria
642 580 844 648 maritorum
863 578 1004 646 salutem
1023 580 1136 648 anima

10 713 12 736 ’
82 697 300 765 redemerunt.
318 695 429 787 Quam
446 716 567 787 magna
579 693 687 787 gioria
701 694 797 763 brevi
810 694 1038 764 sollicitudine
1050 721 1137 788 pen·

10 787 11 826 ³
80 829 139 880 atta
153 809 223 879 eat!
241 811 273 878 Ο
290 826 325 878 te
340 809 494 893 felicem,
513 805 619 876 uxori
637 808 729 877 inter
745 809 807 879 hat
822 812 901 879 riva
914 812 1115 880 numeraria.

10 935 11 938 ’
119 929 291 994 Mamm.
307 903 459 992 Assiduae
472 925 705 991 contentiones
719 942 816 992 erant
829 949 914 1020 :ego
925 927 1030 1020 magia
1043 950 1132 1008 amo,

78 1044 169 1110 immo
186 1063 264 1134 ego.
281 1040 363 1108 Sine
377 1055 410 1106 te
422 1039 537 1108 vivere
549 1061 619 1105 non
631 1063 788 1131 pomum,
806 1042 909 1110 immo
924 1066 987 1134 ego
1001 1043 1075 1111 tine
1088 1057 1135 1110 te.

10 1203 11 1242 ι
78 1157 140 1251 Qui
162 1157 252 1226 aoiet
275 1180 348 1224 eoae
367 1156 476 1223 exitus
500 1156 720 1253 uertentium,
740 1156 943 1249 juravimus.
974 1161 1039 1228 Hic
1064 1161 1147 1228 ani-

10 1259 11 1262 Ἴ
78 1299 142 1343 mue
158 1275 236 1343 aine
249 1271 355 1341 dubio
367 1269 557 1366 jurantium
572 1271 648 1355 fuit,
666 1288 704 1341 ut
716 1273 787 1341 vivi
800 1294 870 1342 non
883 1274 1135 1357 diduceremur‚

79 1415 171 1482 quum
192 1386 282 1457 iliud
311 1412 446 1481 quoqne
468 1361 681 1473 caveremus,
701 1412 745 1456 ne
760 1405 866 1456 morte
890 1388 1135 1459 divideremur.

78 1507 279 1600 Respexiatia
293 1526 378 1584 noa,
396 1502 459 1571 dii.
475 1506 657 1595 Nunquam
672 1527 731 1572 voe
744 1504 954 1574 violavimus.

10 1685 11 1688 ,
117 1625 273 1691 Ηιειοιιιι
290 1621 439 1688 Romr.
456 1617 606 1686 Diffieiie
621 1634 693 1700 eat,
711 1621 873 1705 Judicea,
890 1645 1006 1690 eorum
1026 1645 1141 1690 seere-

78 1753 180 1806 tomm
194 1761 316 1805 oaueaa
329 1734 491 1820 reddere,
508 1757 583 1826 quae
597 1734 789 1803 amantibus
807 1737 907 1805 etiam
923 1736 995 1805 sine
1009 1739 1141 1806 ratione

74 1850 217 1943 jucunda
229 1865 321 1918 aunt.
333 1851 404 1918 Nec
417 1863 468 1917 eat
479 1847 571 1939 quod
582 1849 708 1942 putetis
722 1899 732 1924 ,
753 1849 795 1918 de
811 1839 1024 1920 abdicatione
1038 1850 1142 1922 hodie

81 1981 198 2034 tuntum
216 1965 311 2032 iilius
326 1965 382 2058 agi
406 1991 413 2032 :
440 1963 482 2031 de
505 1963 629 2055 spiritu
650 1964 777 2057 agitur.
799 1965 899 2034 Scitis
922 1967 1142 2059 quemadmo-

80 2079 149 2148 dum
179 2103 260 2148 auoa
278 2093 379 2170 amet.
410 2079 486 2146 Non
517 2078 625 2178 magia
649 2078 721 2146 aine
747 2095 844 2171 patre
869 2080 983 2149 vivere
1004 2097 1140 2176 potest,

10 2279 11 2290 χ
79 2221 171 2290 quam
191 2199 266 2264 sine
281 2197 372 2263 viro.

10 2313 11 2406 ζ
119 2313 210 2379 Ιιιιιιι
229 2311 423 2378 Gomorra.
443 2309 547 2377 Socer
565 2309 637 2396 (aie
656 2310 747 2377 enim
767 2325 800 2377 te
817 2310 996 2404 appellabo
1019 2338 1142 2406 quam-

10 2453 12 2460 ’
79 2423 131 2492 diu
150 2425 303 2516 vixero),
325 2424 409 2517 quid
427 2424 492 2493 eibi
509 2423 628 2492 volunt
646 2424 782 2494 altiores
800 2426 901 2517 hujua
917 2429 1095 2520 gemitus¹,
1108 2446 1143 2498 et

10 2573 12 2614 3
79 2541 213 2609 fortiora
230 2541 322 2608 iuter
335 2539 500 2631 lacrymae
516 2541 684 2632 suspiria?
698 2541 813 2608 nescio
834 2542 918 2634 quid
932 2544 1059 2612 viderie
1072 2544 1151 2612 ion.

80 2657 158 2741 tina,
178 2654 311 2748 puella,
344 2653 553 2747 promittere.
574 2656 651 2722 Non
673 2678 746 2722 aum
767 2656 870 2738 tanti,
887 2671 925 2724 ut
941 2650 997 2723 bie
1011 2680 1073 2749 pro
1089 2681 1143 2725 me

10 2789 12 2842 ἱ
79 2772 291 2864 pericliteris.

10 2905 12 2966 ζ
120 2889 337 2956 Aramum.
365 2890 472 2956 Nocet
497 2889 549 2955 illi
575 2885 787 2980 indulgentia
808 2892 980 2956 auornm'.
1009 2890 1049 2956 In
1074 2888 1142 2957 duo

78 3003 225 3094 pericula
238 3003 361 3072 mulier
376 3003 499 3072 incidit
518 3029 525 3071 ι
545 3027 691 3096 quorum
709 3021 868 3073 neutrum
885 3021 972 3073 eaaet
990 3021 1140 3098 experta,

79 3118 103 3184 ai
120 3136 177 3187 aut
189 3121 305 3188 minua
320 3136 448 3188 amaret
464 3121 597 3199 virum,
614 3135 672 3188 aut
689 3121 801 3189 minua
815 3137 944 3188 amaret
961 3137 1105 3214 patrem.

122 3231 219 3300 Amr
235 3235 354 3301 Fun.
371 3235 443 3300 Nec
460 3247 510 3300 eat
534 3232 788 3325 quodputetia,
811 3234 861 3300 illi
890 3234 1021 3304 facilius
1046 3234 1143 3303 ietiua

80 3371 144 3417 etse
160 3348 388 3431 desiderium,
406 3364 440 3417 et
458 3364 587 3442 patrem
603 3331 692 3418 amat
706 3366 876 3442 tamquam
890 3351 1071 3442 juraverit.

10 3489 13 3598 i
121 3539 232 3607 PARS
248 3537 442 3607 ALTERA.
462 3539 500 3604 P.
523 3537 736 3605 Asrannaria.
754 3539 883 3631 Nempe
904 3540 932 3605 ai
951 3538 1036 3631 quid
1055 3543 1142 3610 acei-

10 3715 12 3738 ,
81 3646 162 3718 derit
176 3652 265 3736 viro,
281 3652 435 3743 peritura
448 3666 498 3717 eat
514 3676 523 3718 ι
543 3664 577 3717 et
591 3651 620 3716 ei
635 3650 721 3717 bene
737 3650 843 3719 filiam
856 3675 964 3720 meam
979 3655 1069 3740 novi,
1082 3678 1141 3748 pe-

10 3849 12 3922 i
81 3883 122 3916 ort
131 3866 247 3920 carbones
258 3865 351 3920 Ιιιιιιὶῑ.
361 3857 488 3920 Thracum
499 3880 582 3918 autem
632 3878 694 3918 trov.
711 3885 738 3920 ιι
756 3887 763 3921 :
779 3868 960 3922 «Admoviaaoa
972 3869 1140 3943 propinquos,

10 3929 12 3990 i
81 3943 223 3998 feminarum
237 3946 279 4000 hie
292 3965 357 3999 mot·
370 3944 513 3998 Herodotus
522 3945 585 3997 Ter·
632 3943 735 4011 amicos,
747 3945 872 4017 maiorum
882 3946 1015 4019 imagines,
1027 3946 1143 4017 repetitos

10 4017 12 4060 i
82 4021 200 4093 pithone,
214 4025 294 4088 Mela,
309 4023 357 4077 lib.
369 4023 405 4084 ll,
415 4042 468 4093 cap.
484 4043 506 4074 2.
519 4022 585 4075 soli·
634 4022 682 4074 alta
695 4023 834 4096 gemitus.»
846 4023 946 4078 schole.

10 4103 12 4122 ³
83 4117 138 4162 nm,
149 4121 199 4176 rap.
213 4103 242 4156 ιδ
254 4099 434 4177 Polyhistoria.
446 4097 541 4153 Scdott.
665 4119 688 4154 a.
702 4101 782 4154 Nocet
795 4101 837 4152 illi
849 4102 1012 4168 indulgentia
1028 4117 1142 4154 ιιιυηιιιι.

115 4197 132 4231 1·
141 4183 251 4236 Allium
270 4182 353 4246 huius
370 4181 492 4248 gemitus.
512 4181 583 4232 Con·
633 4175 697 4243 Qua
718 4174 852 4248 subjuncta
878 4187 954 4239 tunt,
976 4188 1088 4248 cogunt,
1111 4189 1140 4228 nt
