2842 4812
277 502 340 570 322
599 491 645 555 M.
672 483 815 558 ANNAEI
839 481 1017 551 SENECAE

276 627 426 699 Cestium
440 617 575 713 quidam
590 615 726 686 auditor
737 613 803 681 boc
813 610 913 680 modo
927 609 1030 704 coepit
1046 635 1054 677 ε
1073 609 1118 676 Ut
1130 607 1241 676 verbs's
1253 609 1348 676 ducis

275 742 380 811 vestri
398 737 535 812 scilicet,
554 731 705 809 Judioes,
725 729 878 816 incipiam
886 773 898 805 ,
918 722 1039 791 Cavete
1052 722 1267 812 proditorem.
1285 722 1348 790 Sic

275 856 387 926 finivit
403 847 702 928 declamationem,
729 856 769 909 ut
787 839 942 909 diceret:
959 837 1004 906 In
1021 837 1133 934 quibus
1150 837 1349 930 citamfhrit

275 979 476 1063 imperator,
520 962 639 1032 Cavete
667 960 881 1050 proditorem.
919 957 992 1024 Hoc
1024 955 1201 1023 sententie
1236 975 1348 1046 genus

277 1089 408 1159 Cestius
436 1079 510 1178 s'wb
528 1079 688 1160 vocabat,
711 1090 745 1143 et
767 1073 894 1142 dicenti
915 1070 1082 1166 discipulo
1101 1071 1212 1139 statim
1232 1069 1346 1137 excla-

275 1205 387 1276 mabat
403 1227 412 1269 ε
426 1195 509 1294 imlp
526 1195 584 1274 elo
601 1189 707 1289 θηρί’.
727 1191 773 1257 Ut
789 1191 825 1255 in
841 1187 899 1256 illa
915 1188 1070 1256 Suasoris
1080 1237 1092 1270 ,
1113 1188 1149 1253 in
1169 1211 1238 1277 qua
1254 1185 1347 1252 deli-

273 1324 369 1392 berat
385 1313 587 1394 Alexander,
610 1333 655 1378 an
678 1308 852 1375 Oceanum
879 1304 1036 1397 naviget,
1063 1327 1168 1395 quum
1186 1301 1345 1370 exaudita

276 1461 339 1507 vox
361 1447 469 1516 esset,
488 1450 652 1525 quousque
673 1423 809 1490 incute?
826 1419 870 1487 ab
891 1421 965 1512 ipsa
984 1441 1065 1486 voce
1084 1417 1223 1510 quidam
1241 1417 1347 1510 coepit

276 1550 488 1627 declamare,
510 1542 597 1610 etin
614 1539 704 1606 hanc
721 1535 835 1603 desiit.
854 1535 911 1603 Ait
930 1534 981 1600 illi
997 1533 1130 1602 Cestius
1143 1532 1313 1600 desinenti
1333 1559 1341 1598 :

276 1641 324 1743 fia
335 1695 383 1738 oo:
400 1659 452 1760 μὶν
463 1657 578 1743 lefled,
593 1657 645 1728 σίο
667 1648 839 1749 δ’ἅρξομαι.
853 1653 896 1716 Et
909 1649 1006 1730 alter,
1024 1671 1149 1739 quum,
1165 1646 1346 1741 descriptis

253 1833 256 1838 s
276 1779 459 1850 Alexandri
475 1773 648 1855 victoriis,
670 1767 829 1860 gentibus
845 1763 1062 1857 perdomitis,
1078 1763 1261 1830 novissime
1277 1785 1346 1855 po-

276 1909 405 1965 neret:
430 1893 604 1984 Quousque
634 1883 782 1952 invicte?
809 1879 1006 1948 exclamavit
1036 1878 1169 1945 Cestius
1198 1903 1206 1944 ε
1234 1879 1283 1943 Et
1311 1894 1347 1944 tu

276 1997 483 2106 quousque³1²

324 2124 422 2191 Orno
436 2123 546 2188 Perna
558 2115 625 2182 hoc
635 2112 749 2180 colore
762 2131 843 2177 usus
856 2124 908 2176 est
920 2132 982 2203 pro
996 2121 1114 2201 patre,
1131 2105 1219 2173 dixit
1232 2109 1342 2182 enim.

277 2237 452 2312 molestum
476 2233 578 2301 luisse
601 2225 819 2320 imperatori,
840 2221 933 2314 quod
955 2223 1050 2290 illum
1067 2222 1223 2290 suffixum
1239 2221 1348 2313 legati

247 2423 250 2430 ,
276 2350 507 2421 intuebantur.
527 2348 667 2436 Itaque,
688 2355 727 2409 ut
744 2336 871 2408 abhoc
888 2337 964 2404 illos
984 2336 1174 2429 spectaculo
1190 2350 1344 2416 arceret,

277 2483 312 2537 et
328 2477 527 2559 exoneraret
542 2455 783 2530 verecundiam
799 2476 914 2536 suam,
928 2449 970 2518 -id
983 2451 1125 2536 dixisse,
1144 2473 1212 2542 quo
1228 2448 1347 2518 audito

278 2584 489 2652 festinarent.
508 2581 626 2669 Itaque
649 2574 774 2640 dixisse
793 2567 907 2648 illum,
927 2589 1014 2649 non,
1036 2566 1183 2634 Coacont
1197 2565 1350 2655 prodito·

278 2724 349 2766 rem
363 2724 373 2763 .·
389 2694 466 2778 sed,
491 2692 611 2762 Cavete
625 2717 634 2756 .-
650 2685 746 2780 quasi
759 2683 842 2775 ipsis
853 2681 972 2774 legatis
984 2695 1073 2748 essct
1084 2680 1288 2774 periculum,
1302 2703 1349 2748 ne

277 2814 518 2910 proderentur.

314 2996 690 3076 1.Tsrlprlsi11ei,«sflpr²
710 2993 788 3066 ipsam
872 3009 895 3040 2.
909 2973 942 3041 fis
954 3010 989 3041 σοι
1002 2991 1042 3056 pls
1058 2989 1173 3053 λήξωμ.
1187 3010 1207 3039 τ.
1222 2989 1311 3040 buln
1325 3002 1349 3042 te

279 3083 356 3148 eobo,
371 3082 463 3135 molius
478 3098 555 3150 quam
576 3075 646 3129 eobo.
658 3095 672 3122 »
684 3072 727 3125 Sic
739 3070 790 3122 de·
838 3065 966 3129 desinam,
986 3085 1000 3116 a
1020 3076 1044 3115 te
1058 3063 1210 3136 incipiam.»
1229 3064 1267 3114 Ex
1287 3065 1348 3116 110.

278 3158 377 3214 ridebat
385 3157 525 3212 auditorcm
533 3171 607 3206 sunm
617 3150 725 3212 Cestius,
737 3149 790 3220 qui,
838 3161 924 3204 mero,
937 3141 966 3193 ll.
979 3141 1018 3203 X,
1031 3161 1072 3211 97.
1083 3139 1193 3193 Parodia
1202 3139 1282 3192 utitur
1293 3141 1350 3192 Ce-

279 3255 358 3308 quum
370 3255 396 3288 se
408 3233 472 3287 mire
484 3231 624 3286 orationem
637 3227 787 3283 conclusisse
838 3220 899 3272 atius
908 3258 914 3286 ,
923 3238 972 3289 qua
981 3217 1132 3289 discipulum
1139 3217 1252 3270 irrideat.
1261 3217 1349 3291 Vulgo

279 3314 455 3378 arbitraretur,
473 3311 539 3364 nibil
556 3307 640 3372 aliud,
652 3305 703 3358 nisi
719 3302 789 3373 quod
838 3300 930 3362 aaut,
951 3313 1008 3366 qute
1025 3295 1100 3349 lectio
1116 3294 1242 3369 prioribus
1260 3298 1348 3349 fucum

279 3412 346 3446 rann
360 3389 437 3456 eobo,
456 3389 574 3441 effecerat
589 3403 597 3437 s
614 3383 688 3456 paulo
705 3395 790 3434 teman
838 3379 905 3432 fecit.
918 3382 967 3432 En.

279 3470 371 3524 melius
382 3505 389 3533 ,
402 3467 494 3540 quippe
514 3464 584 3536 quod
606 3462 667 3514 ecbo
686 3457 789 3512 nonnisi
871 3453 894 3506 3.
914 3455 952 3508 Et
969 3464 997 3506 tu
1015 3472 1147 3523 quousque
1163 3451 1284 3526 Respexit
1293 3453 1350 3504 ini-

278 3545 381 3601 ultimas
393 3563 486 3598 vocum
506 3538 614 3612 syllabas
634 3539 723 3591 iterare
744 3555 790 3588 so·
838 3535 902 3586 tium
914 3533 1069 3586 Catilinaritc
1083 3551 1109 3585 r:
1120 3532 1280 3602 «Quousque
1290 3544 1350 3584 tan·

279 3623 349 3689 leat,
363 3621 407 3674 ille
425 3639 486 3674 vero
506 3636 581 3671 voces
604 3616 723 3686 integras.
741 3615 790 3665 ln·
839 3613 897 3666 dem
907 3612 1019 3674 abutere,
1031 3605 1289 3682 Catilina,'pstientia
1300 3629 1350 3660 no-

278 3701 358 3775 signis
372 3719 431 3753 sane
443 3697 565 3760 victoria,
588 3707 612 3746 et
630 3710 723 3764 magus
735 3690 790 3743 laus
837 3690 926 3744 suat»
935 3691 972 3743 Ut
978 3709 1032 3762 sup.
1038 3708 1139 3760 quoqne
1147 3689 1220 3742 Sues·
1231 3707 1256 3756 7,
1266 3699 1350 3741 extre-

266 3775 400 3844 ,orstorisl
412 3777 462 3829 En.
839 3789 889 3822 rna.
902 3768 997 3822 Sebott.
