2842 4812
332 455 395 546 294
502 465 530 540 '.
653 457 699 519 M.
726 453 873 522 ANNAEI
896 453 1074 522 SENECAE

326 585 402 650 Non
429 580 526 649 facile
552 582 590 648 fit
612 579 847 674 parricidium.
876 583 935 649 Vis
959 583 1069 664 scire,
1089 585 1246 674 quantum
1263 599 1365 653 natura

326 695 458 787 possit?
475 695 576 762 etiam
594 694 706 762 infans
722 717 785 787 pro
804 708 900 787 patre
919 693 1071 786 loquitur
1082 699 1107 763 ¹.

373 811 519 878 Turturr.
537 812 622 878 Vivo
642 826 738 904 patre
759 807 935 893 adultera,
951 811 1116 879 moriente
1129 813 1275 894 conscie,
1290 833 1365 880 mor-

323 927 381 994 tuo
406 925 512 994 testis.
533 925 666 1018 Aiiquis
689 950 757 994 uno
784 940 866 994 teste
895 941 1073 995 contentus
1098 927 1171 996 cst?
1196 925 1276 995 daho
1294 949 1364 1020 pue-

322 1038 426 1127 rum'3
455 1041 578 1133 aliquis
609 1062 676 1109 uno
706 1056 790 1110 teste
815 1065 884 1109 non
912 1057 1088 1110 contentus
1114 1043 1192 1111 est?
1214 1041 1293 1110 dabo
1311 1064 1362 1133 po-

321 1156 452 1250 pulum.
478 1155 607 1249 Objicit
625 1159 789 1252 privigno
808 1156 1046 1252 parricidium,
1070 1159 1142 1236 filio
1162 1157 1360 1240 mendacium.

321 1275 431 1341 Intrat
447 1290 663 1367 procurator,
684 1297 751 1366 qua
770 1273 910 1342 solebat.
935 1275 1020 1356 Dic,
1040 1296 1143 1368 puer,
1165 1277 1239 1368 quis
1253 1289 1362 1370 putrem

324 1375 419 1457 tuum
435 1390 623 1477 oecideri13
643 1389 699 1459 dic
715 1389 909 1478 audaciter3
927 1389 1080 1458 eumdem
1102 1393 1268 1474 nomines,
1279 1413 1361 1484 qucur

319 1506 476 1599 populus.
507 1510 581 1576 Nox
607 1504 718 1604 placet
741 1504 861 1610 sceleri
884 1531 891 1572 :
913 1528 1053 1600 prorsus
1074 1504 1225 1610 adulteri
1237 1523 1359 1599 tenipus.

318 1621 431 1690 Habui
447 1637 577 1716 patrem
592 1638 658 1689 tam
674 1620 823 1704 bonum,
840 1637 878 1689 ut
897 1645 1000 1713 quum
1014 1645 1151 1690 uxorem
1170 1621 1289 1690 Iubere
1299 1621 1361 1690 rel-

312 1735 385 1831 ies,
404 1753 517 1806 temen
532 1761 585 1805 me
598 1761 774 1806 novercam
790 1736 917 1804 hebere
931 1736 1113 1805 uoluerit².
1136 1736 1214 1830 Quo
1229 1736 1303 1804 mihi
1314 1733 1361 1802 lu-

317 1853 421 1918 men?
443 1867 571 1920 tantum
597 1851 782 1923 admissuro
808 1851 902 1919 ueiae
934 1849 1080 1946 optando
1100 1874 1166 1920 nox
1182 1867 1240 1919 est.
1260 1848 1358 1942 Quid,

317 1969 452 2059 inquit,
478 1986 556 2038 ante
578 1971 742 2061 peccavi?
765 1966 926 2057 dissimile
943 1982 1010 2050 est3
1027 1984 1195 2035 memento
1213 1969 1311 2051 cuim,
1327 1967 1361 2033 de

316 2081 487 2152 homicida
520 2086 651 2176 quaeri3
679 2099 790 2176 potest
818 2083 1012 2150 tirocinium
1042 2104 1114 2150 esse
1139 2082 1358 2163 homicidium,

317 2193 537 2290 parricidium
555 2189 622 2266 noo
637 2212 760 2290 potest.
774 2199 904 2266 Lumen
919 2197 1079 2280 attulisti,
1096 2212 1135 2265 ut
1150 2197 1358 2278 discernerem

148 2309 150 2314 ’
210 2343 211 2346 “
317 2327 390 2382 erut
407 2313 497 2400 iilic,
518 2312 755 2405 quum'leviter
772 2313 952 2400 vulnerare
971 2310 1126 2382 deberes.
1147 2313 1299 2383 Videmus
1310 2312 1359 2379 ad·

313 2444 425 2497 sctum
443 2431 479 2517 iu
496 2417 680 2523 praeccrdia
702 2420 889 2521 gladium³;
911 2429 960 2496 sic
982 2452 1046 2523 ego
1063 2452 1243 2498 novcrmm
1258 2429 1360 2497 veluc-

315 2564 453 2610 rassem.
474 2544 608 2625 Frater,
629 2566 742 2639 quaero
758 2565 801 2609 an
818 2539 944 2609 videris
961 2558 1215 2632 procuratorem
1230 2544 1359 2636 proxima

315 2671 413 2724 nocte
432 2681 438 2722 ε
456 2655 543 2740 nihil
562 2655 604 2723 de
621 2655 794 2748 prioribus
812 2679 937 2746 quaero.
994 2675 998 2689 ·

362 2777 453 2842 Vnus
470 2777 587 2843 Gruur.
607 2777 678 2864 Ego
694 2790 820 2842 taccam
838 2771 882 2842 de
895 2773 1080 2858 adulterio,
1097 2776 1192 2866 quod
1204 2773 1358 2870 persequi·

315 2904 370 2956 tur
386 2891 485 2956 etiem
503 2889 672 2982 populus?
684 2891 754 2981 Ego
770 2898 896 2956 tacesin
916 2887 959 2956 de
974 2887 1179 2982 parricidio,
1196 2889 1283 2983 quod
1295 2911 1358 2981 per

199 3081 201 3084 ¹
311 3007 464 3096 sequitur
473 3007 574 3074 etiam
584 3008 693 3098 puer?
707 3009 827 3078 Testor
846 3029 916 3088 vos,
935 3003 1084 3088 Iudices,
1104 3007 1232 3076 salvum
1247 3021 1357 3101 patrem

198 3189 202 3200 ,
313 3119 450 3209 reliqui.
467 3120 499 3186 Ο
513 3142 668 3213 magnam
689 3122 725 3186 iu
742 3121 947 3188 contrarium
960 3120 1071 3188 saeculi
1087 3124 1193 3190 nostri
1210 3120 1358 3215 perversi·

313 3233 433 3303 tatem!
447 3237 603 3306 iuventus
615 3237 738 3330 estqui
753 3252 879 3328 patrem
894 3250 1006 3326 posset
1020 3233 1191 3317 occidere,
1209 3253 1243 3305 ct
1253 3257 1356 3303 nover-

310 3375 384 3436 cam
401 3376 470 3420 nou
486 3370 609 3446 posset.
636 3355 744 3422 Etiam
771 3355 798 3418 si
817 3352 894 3442 quis
912 3349 1067 3418 occidere
1081 3367 1212 3444 patrem
1230 3375 1293 3422 nou
1305 3370 1357 3441 po-

311 3482 396 3551 test,
418 3491 595 3538 novercam
612 3485 733 3562 potest.
964 3471 966 3476 ’
1251 3487 1252 3492 ’

346 3672 366 3704 r.
383 3655 477 3709 Etiam
491 3657 577 3726 riy'am
587 3677 636 3726 pro
646 3668 722 3725 patre
733 3658 817 3724 loqui·
865 3653 909 3704 riis
922 3654 1095 3708 novercalibus
1108 3674 1149 3708 me
1160 3657 1277 3710 seducere
1288 3651 1355 3724 justit

308 3743 358 3786 tur.
370 3731 426 3785 IIoe
436 3733 519 3786 Iucem
530 3735 621 3806 scripit
632 3755 660 3787 or
672 3734 727 3806 jure
738 3731 816 3798 civili,
863 3731 961 3784 Sedulo.

308 3807 482 3880 quo'hebetur
495 3823 519 3862 et
531 3807 650 3863 definitur
668 3809 754 3862 inians
772 3807 815 3879 qui
897 3808 920 3859 3.
938 3809 1064 3864 Videmus
1082 3815 1206 3864 adonium
1223 3815 1250 3863 in
1263 3823 1356 3877 prator·

309 3886 395 3940 minor
412 3899 447 3939 stt
461 3898 555 3958 septem
572 3887 660 3948 cunin
672 3887 740 3956 quod
756 3887 813 3939 stitis
862 3885 910 3937 dia
918 3886 1049 3955 gIodIum.
1062 3889 1147 3957 Quum
1161 3888 1227 3941 dicet
1239 3887 1290 3940 hee
1297 3882 1354 3935 fiii&

308 3964 448 4018 ostenditur
456 3965 532 4036 vulgo
543 3967 582 4018 vei
594 3984 644 4019 uus
655 3963 698 4017 tib.
709 3966 811 4030 XVIII,
863 3981 981 4017 accusans
998 3975 1184 4036 procuratorem
1204 3964 1290 4026 cudis,
1305 3957 1354 4012 ulit

307 4038 337 4091 C.
349 4041 380 4092 de
394 4041 447 4110 jure
461 4040 538 4095 delib.
549 4041 647 4096 Scitote.
862 4041 1021 4116 intelligitur,
1039 4046 1070 4098 de
1086 4067 1137 4117 quo
1152 4045 1194 4098 iric
1208 4043 1251 4097 fiet
1263 4037 1353 4094 mentio

338 4143 363 4198 ,²¹
387 4121 485 4177 Tamen
504 4144 545 4178 me
565 4144 699 4178 nonnam
720 4127 812 4177 dobere
860 4119 1352 4191 Igiturpttrisuonsdditumestuomffl·

304 4179 420 4254 nadair.
445 4203 526 4275 Igitur
546 4204 681 4277 semigrere
699 4217 723 4257 ct
741 4202 812 4273 inju-
861 4196 958 4253 Schult.
