2842 4812
214 444 656 540 coornovnus'mnou
678 467 760 534 mn.
786 467 859 551 111,
889 489 941 557 17.
1052 489 1113 558 ,ῃ

60 587 215 680 mgisque
239 587 430 666 admiratus
453 605 504 656 est
526 591 719 684 potentium¹¹
735 615 831 663 suom
849 618 857 662 s
872 591 965 684 quod
977 594 1118 666 Cicero-

60 727 123 770 nem
138 702 273 796 Popilio
293 727 362 772 uon
378 703 502 771 licebat
520 687 776 775 non'occidere.

98 819 215 886 Fuscos
228 806 402 888 Ausonios
413 817 479 887 hoc
493 818 607 889 colore
620 843 701 890 usus
712 835 765 903 est
783 846 791 888 :
806 821 949 906 Antonii
960 845 997 890 se
1008 838 1123 916 partes

61 949 211 1016 secutum,
237 950 301 1017 ut,
328 937 356 1002 si
383 934 468 1028 quid
481 951 614 1028 posset,
638 935 798 1004 Ciceroni
818 935 994 1028 prodesset
1011 964 1019 1004 ι
1034 937 1122 1008 lecta

61 1053 296 1144 proscriptione
321 1050 365 1126 od
389 1073 501 1145 genus
525 1075 562 1120 se
578 1051 718 1123 Antonii
738 1051 936 1144 procidisse,
954 1053 1121 1150 depreca-

61 1185 185 1262 tompro
197 1170 370 1240 Cicerone
385 1197 393 1237 ε
407 1147 786 1254 οΗειιὶιιιιιιΔιιῑοιιίιιιιι,
802 1173 968 1264 co'msgis
979 1172 1120 1244 dixisse:

60 1285 192 1370 Occide,
212 1310 319 1379 quem
343 1287 430 1358 mori
452 1311 521 1356 non
543 1287 608 1356 vis,
630 1287 696 1356 Hic
716 1286 810 1356 color
823 1285 1026 1380 displicebat
1038 1293 1122 1362 Pss-

61 1399 138 1467 sieno
151 1403 174 1483 ¹,
196 1401 283 1492 quia
300 1399 344 1468 sd
358 1414 477 1470 testem
495 1398 610 1485 ducit,
627 1423 705 1472 nem
720 1401 749 1468 si
764 1398 831 1469 boc
847 1395 928 1470 lecit
947 1405 1121 1497 Popilius,

60 1541 116 1586 non
138 1533 269 1593 tentum
292 1515 386 1608 quod
407 1514 567 1594 defendet
580 1515 685 1586 habes
697 1566 708 1602 ,
735 1515 797 1610 sed
815 1515 920 1586 hebet
942 1519 1036 1612 quod
1049 1522 1124 1614 glo-
1203 1615 1206 1620 Ι

61 1635 165 1704 rietur.

98 1752 192 1821 Hrsso
216 1753 380 1819 Ronsnns
406 1749 600 1818 vehementi
625 1747 740 1826 colore
764 1774 846 1826 usus
864 1766 934 1835 est,
951 1767 985 1820 et
1000 1749 1121 1821 ’duro

61 1867 224 1936 Patronum
249 1869 344 1934 enim
363 1865 497 1960 Popilio
511 1863 608 1934 dedit
622 1895 632 1952 3
647 1881 682 1932 et
696 1865 802 1948 dixit,
820 1866 922 1936 sliter
940 1891 976 1936 se
988 1889 1124 1944 cautem

60 1999 195 2054 sontum
216 1982 368 2076 Popilii,
394 1981 494 2052 aliter
511 1981 651 2052 Antonii
669 2008 677 2047 :
694 2007 757 2074 pro
769 1983 902 2077 Popilio
925 1984 1121 2072 dictumm,

62 2100 209 2170 Occidere
235 2099 359 2182 nolui,
383 2115 520 2168 coactus
544 2124 618 2168 sum
635 2122 724 2191 :pro
748 2100 897 2178 Antonio
922 2098 1121 2186 dicturum,

1 2221 2 2225 ’
62 2216 165 2286 Occidi
187 2219 393 2288 Ciceronem
418 2216 586 2308 oportuit,
611 2230 645 2284 et
669 2215 754 2287 dixit
776 2217 910 2304 locum,
931 2217 1032 2289 aliter
1054 2243 1124 2288 non

1 2371 2 2376 κ
63 2334 194 2422 potuisse
208 2331 330 2428 pacari
350 2329 616 2424 rempublicam,
637 2355 736 2424 qnsm
762 2333 789 2402 si
814 2333 873 2404 ille
890 2333 1045 2428 turbatos
1063 2335 1124 2402 otii
1236 2415 1237 2418 Ἴ

1 2493 2 2510 t
62 2450 268 2543 erepublica
289 2447 440 2518 sublatus
468 2461 569 2520 esset·
599 2446 697 2517 Solus
711 2469 754 2516 cx
778 2447 1065 2524 declamatoribus
1086 2454 1124 2520 in

1 2547 2 2550 ¹
62 2565 242 2636 Ciceronem
269 2567 423 2634 invectus
440 2581 491 2633 est
508 2591 517 2630 ι
532 2563 628 2656 Quid
642 2563 722 2646 ille,
741 2566 878 2656 inquit,
895 2591 999 2658 quum
1014 2567 1128 2640 tntae

62 2684 141 2752 nium
165 2686 302 2754 bostem
320 2682 510 2776 judicaret,
539 2697 575 2750 et
599 2703 715 2750 omnes
733 2670 874 2752 Antonii
895 2682 1039 2771 milites,
1055 2709 1130 2758 non

63 2794 263 2893 intelligebat
275 2820 312 2866 se
326 2813 360 2864 et
372 2795 542 2889 Popilium
555 2795 819 2888 proscripsisse?
831 2796 897 2866 Hic
907 2794 1002 2865 color
1013 2800 1124 2892 prime

64 2911 135 2982 lscie
152 2915 313 3009 asperior
325 2917 375 2982 est
383 2963 395 2998 ,
414 2910 475 2998 sed
489 2909 533 2980 ab
546 2910 605 2979 illo
617 2912 759 3005 egregie
773 2928 935 2983 tractatus
947 2929 1010 2990 cst.

102 3019 389 3100 VentosGmnnos'
399 3024 484 3098 dixit
497 3053 504 3093 :
518 3025 632 3118 Quum
642 3027 1130 3120 imperassetmibidntonius,
1190 3101 1195 3110 ,

64 3164 278 3232 possessum,
297 3167 341 3211 ne
360 3142 484 3235 uliquis
500 3145 541 3212 Ρ.
560 3139 694 3211 Clodii⁴
714 3144 821 3216 cliens
839 3147 1043 3231 mitteretur,
1063 3147 1127 3240 qui

93 3316 110 3349 ι.
118 3300 167 3355 Hic
178 3298 413 3368 solords'splicebnt
420 3299 558 3356 Passieno.
606 3297 682 3352 Unde
694 3300 736 3354 bic
750 3301 824 3354 melis
841 3319 848 3355 ε
863 3321 909 3356 nec
923 3303 998 3360 duro.
1019 3301 1130 3354 Sohar.

66 3373 224 3442 Quintilianus
237 3377 283 3430 lib.
294 3377 341 3442 lv,
357 3397 454 3450 cepa,
468 3377 499 3428 de
510 3395 559 3428 co*-
642 3375 666 3426 3.
691 3377 793 3430 Varius
819 3376 956 3432 Geminus.
984 3379 1037 3433 Alii
1056 3379 1125 3434 mele

65 3449 108 3506 lore
117 3473 124 3508 t
132 3477 143 3505 u
150 3456 288 3530 Fingends
298 3475 358 3507 vero
367 3453 561 3508 meminerimus
609 3451 642 3508 V
638 3455 712 3506 otim
721 3457 817 3508 minus.
831 3458 883 3510 Nec
895 3456 963 3509 enim
973 3455 1000 3510 in
1008 3459 1058 3512 boc
1065 3459 1125 3511 Ge-

65 3548 111 3598 quae
121 3555 172 3588 non
182 3533 312 3589 ceduntin
321 3544 436 3587 testem.»
446 3531 480 3586 N.
493 3533 562 3586 Feb.
610 3531 675 3584 mini
685 3531 768 3594 colors
780 3530 920 3605 quidquem
931 3537 1046 3609 estquod
1057 3557 1126 3590 con-

66 3610 166 3682 -Qnia
178 3616 218 3667 ad
232 3622 322 3666 testem
338 3614 415 3664 ducit.
428 3613 492 3666 Hoc
504 3631 563 3666 sen·
611 3609 673 3664 ferri
688 3631 747 3664 curn
760 3611 843 3665 colore
859 3613 981 3686 Hisponis
998 3616 1087 3687 possit,
1099 3628 1128 3668 ut

67 3690 133 3744 tentis
142 3693 259 3765 eogitire
270 3691 302 3743 ad
313 3703 399 3744 testem
411 3729 419 3756 ,
438 3709 482 3744 seu
497 3689 563 3744 veri·
613 3691 698 3743 minus
711 3691 801 3744 dixisse
814 3691 939 3745 videatur.
951 3693 1029 3764 liunt
1042 3703 1125 3746 autem

67 3775 129 3818 tstern
143 3771 177 3824 rei
190 3770 320 3844 explorare
337 3789 380 3842 per
396 3783 493 3824 testem.
509 3771 566 3823 lloc
614 3769 722 3822 Varium
744 3769 883 3822 Geminum
901 3769 932 3822 B.
955 3770 1126 3842 Hieronymus

68 3844 126 3897 euim
138 3849 231 3902 lactum
248 3869 300 3901 esse
316 3869 370 3902 non
390 3861 489 3903 constat
500 3889 507 3916 ‚
518 3848 567 3901 nisi
615 3845 823 3910 lib.l,sdvsrsns
832 3847 920 3899 Jovin.
928 3847 1062 3900 subliment
1070 3866 1128 3899 ors-

69 3927 254 3994 lesteprobetnr.
270 3927 350 3981 Gron.
615 3935 696 3976 torem
720 3937 811 3994 vocet,
833 3925 905 4000 cujus
929 3925 1006 3978 etism
1032 3923 1127 3978 dictum
1154 3928 1171 3948 ⁶

95 4021 115 4053 ι.
126 4004 278 4058 Vehementi
295 4008 376 4058 colore
396 4025 460 4058 usus
480 4017 529 4066 est,
543 4017 569 4059 et
585 4047 590 4054 .
616 4002 761 4058 boclandat
773 4021 780 4056 :
794 4003 868 4071 «Qui
880 4023 933 4056 non
946 4001 1026 4075 litigat
1038 4001 1133 4054 caelebe

69 4077 132 4131 duro.
151 4083 247 4138 Seneca
271 4083 303 4136 de
325 4085 374 4137 boc
394 4083 566 4136 coloremorz
616 4094 680 4134 est.»
694 4081 837 4134 NFaber.

69 4155 131 4211 «llic
143 4161 211 4213 tolor
223 4162 302 4236 prima
316 4161 380 4214 istie
393 4161 505 4233 asperior
517 4171 565 4228 est,
650 4161 675 4226 4.
691 4159 732 4212 Ne
750 4162 849 4229 aliquis
866 4159 899 4213 P.
917 4159 1010 4211 Clodii.
1028 4157 1129 4230 Appie-

71 4233 108 4286 ssd
124 4236 153 4288 ab
170 4238 217 4291 illo
237 4239 339 4313 egregie
365 4252 480 4291 tractatus
500 4247 567 4294 cst.»
617 4257 663 4292 nus
679 4238 748 4292 enirn
765 4237 884 4291 clientem
900 4234 1133 4306 Clodii,scerriroi
