2874 4808
291 427 360 518 37²
501 515 511 533 θ
620 423 668 492 M.
695 418 841 490 ANNAEI
863 418 1044 492 SENEGAE

291 577 419 624 amnuo
443 550 646 624 intercessit.
668 551 722 620 An
740 571 809 620 non
827 549 1003 642 quiequit¹
1031 566 1162 646 patrem
1178 554 1368 638 ceciderit,

291 672 470 767 puniatur.
492 667 533 738 ln
555 667 649 759 lege,
671 667 801 762 inquit,
823 665 913 734 nihil
938 669 1136 764 excipitur:
1157 672 1216 741 sed
1239 673 1368 760 multa,

289 787 444 882 quamvis
458 808 527 853 nou
543 784 768 876 excipiantur,
783 782 1035 874 intelliguntur.
1049 789 1092 854 Et
1104 788 1268 882 scriptum
1282 789 1370 884 legis

288 920 467 1000 angustum
493 918 567 983 eat,
596 902 832 994 interpretatio
859 898 981 970 diffusa
1007 919 1058 971 eat
1078 931 1086 969 :
1106 905 1257 998 quadam
1285 932 1368 976 vero

289 1039 356 1092 tarn
385 1017 561 1092 manifecte
591 1031 688 1098 sunt,
721 1028 759 1088 ut
786 1014 915 1084 nullam
940 1019 1132 1088 cautionem
1151 1021 1363 1090 deciderent.

253 1147 256 1154 '
288 1134 384 1229 Quid
403 1135 489 1227 legia
508 1136 667 1220 interest,
694 1134 871 1226 excipere,
896 1157 942 1202 ue
966 1133 1079 1203 fraudi
1104 1130 1148 1204 a'it
1170 1138 1204 1204 ei
1226 1139 1289 1229 qni
1303 1160 1367 1231 per

288 1248 454 1324 insaniens
470 1267 602 1345 patrem
622 1251 770 1345 pulsavit
788 1277 796 1316 :
813 1275 918 1343 quum
938 1251 1076 1321 illinon
1096 1255 1285 1348 supplicio,
1306 1255 1366 1324 aed

287 1367 442 1439 remedio
454 1390 541 1461 opus
553 1368 621 1435 siti
634 1365 732 1459 Quid
746 1389 831 1459 opus
845 1383 897 1435 eat
908 1368 1023 1437 caveri
1039 1369 1129 1464 iege,
1145 1396 1190 1439 ne
1200 1373 1366 1464 puniatur

285 1465 464 1572 iufana,si
484 1486 670 1578 pulsaverit
691 1485 848 1577 patrem?
871 1483 957 1576 qnid
982 1509 1069 1578 opus
1090 1503 1142 1554 est
1168 1491 1301 1570 caveri,
1321 1512 1364 1556 ne

286 1607 471 1700 puniatur.
500 1603 529 1671 ei
554 1603 633 1695 quia
648 1616 708 1670 aut
724 1616 854 1694 patrem
874 1604 1020 1696 sopitum
1033 1607 1060 1688 ¹,
1081 1624 1140 1673 aut
1156 1607 1269 1674 subita
1286 1629 1363 1674 cor-

251 1759 255 1774 ·
281 1724 375 1817 perio
389 1712 576 1814 gravitate³
591 1718 780 1812 collapsum
792 1719 952 1786 excitavit
968 1745 976 1786 s
992 1744 1096 1812 quum
1113 1721 1172 1789 illa
1185 1745 1256 1790 non
1271 1723 1363 1816 inju-

285 1839 359 1920 ria,
387 1835 448 1906 aad
471 1833 640 1907 medicina
669 1833 797 1922 fuerit?
813 1833 973 1902 Nondum
991 1835 1035 1903 de
1051 1837 1213 1931 propria,
1238 1835 1301 1906 aed
1320 1837 1362 1906 de

285 1952 454 2022 communi
473 1975 572 2020 causa
592 1944 753 2057 loquor⁴.
771 1950 807 2018 Si
822 1951 974 2020 officiose
987 1954 1064 2046 quis
1077 1955 1204 2025 cecidit
1216 1973 1361 2051 patrem,

282 2093 352 2140 stou
369 2058 554 2163 pulsavit⁵,
573 2067 690 2160 puniri
709 2064 837 2133 debet?

324 2225 514 2298 ¹DIVISIO.
535 2227 632 2295 Hanc
648 2227 867 2320 quaeationem
896 2227 931 2294 in
955 2245 1069 2323 portes
1087 2229 1203 2324 plures
1221 2227 1360 2317 divisit,

283 2345 336 2416 An
362 2358 454 2443 tutus·
477 2343 520 2410 sit
543 2343 604 2436 qui
630 2355 775 2434 tyranno
796 2340 940 2433 jubente
965 2344 1059 2413 fecit.
1083 2347 1240 2437 Cogitate
1260 2369 1360 2436 quam

284 2463 388 2530 multa
404 2477 568 2553 tyrannus
583 2458 748 2550 exegerit.
764 2459 833 2524 Pro
846 2459 984 2553 publiea
998 2463 1193 2532 innocentia
1207 2477 1276 2546 eat,
1293 2486 1361 2530 non

283 2583 389 2649 licere
417 2578 483 2647 hoc
509 2599 646 2670 qnoque
674 2576 850 2667 tyrannia,
879 2593 917 2646 ut
943 2604 1004 2648 noa
1032 2579 1157 2649 faciant
1182 2595 1358 2648 nocentes.

284 2701 446 2790 Tyranno
457 2693 602 2789 jubente
616 2690 716 2780 fecit3
734 2691 890 2762 miserior
904 2696 970 2766 fuit
982 2699 1056 2790 ipso
1072 2699 1268 2794 vapulante.
1286 2701 1361 2768 Nou

285 2831 336 2883 cat
353 2809 544 2906 impudica,
566 2833 642 2902 quse
658 2809 819 2877 arcessita
837 2807 903 2880 fuit
920 2838 939 2883 a
959 2830 1122 2908 tyrann03
1144 2841 1213 2884 non
1236 2813 1361 2886 dicitur

284 2926 487 3018 sacrilegus,
510 2924 571 3015 qui
589 2921 732 2990 deorum
750 2923 990 3026 immortalium
1007 2929 1096 2998 dona
1115 2929 1274 3000 manibus
1294 2932 1360 3000 suis

284 3132 420 3190 tyronatu-
429 3117 467 3170 Es
477 3115 572 3190 quippe
581 3113 603 3166 si
614 3113 721 3167 exercitt
732 3113 796 3167 fuis·
847 3115 1051 3184 innominata
1058 3122 1358 3197 interpelleninr.thssIt.

284 3209 321 3250 set
331 3195 357 3248 ln
367 3197 443 3246 istum
453 3195 555 3248 fratrum
563 3209 638 3245 sunm
646 3229 654 3257 ,
663 3192 695 3245 sb
704 3211 735 3245 co
744 3210 798 3244 non
881 3197 904 3252 ³.
913 3195 1010 3254 Subita
1018 3205 1132 3272 eorporis
1137 3203 1278 3272 gravitate.
1289 3202 1359 3256 ded·

285 3286 349 3328 esset
364 3267 562 3325 contrucidatus.
579 3271 612 3324 Et
630 3283 726 3322 certuru
743 3283 780 3324 est
789 3311 797 3336 ,
847 3275 891 3344 pio
901 3277 1359 3351 morbumhicsignificarigraos'tatir

283 3350 328 3422 qni
338 3349 644 3420 codvtepossnntpstres‚
654 3348 798 3421 posseslios
846 3350 924 3419 rode,
942 3357 987 3424 qui
1003 3376 1091 3429 graves
1108 3376 1207 3430 semper
1225 3371 1286 3410 sont
1300 3377 1359 3410 eor-

285 3428 407 3484 ocoidere.
421 3427 553 3482 Sedula·
560 3427 613 3498 Qui
625 3428 799 3482 statimcorri·
848 3437 919 3509 pori,
938 3449 967 3490 ut
985 3437 1034 3491 hoc
1051 3437 1102 3492 iilis
1121 3455 1188 3512 stepo
1206 3437 1360 3494 suoeumht

286 3507 798 3580 git‚novissima-dywnm'ss‘nlemsst'lc
848 3515 952 3568 Sueten.
968 3516 1039 3570 Juiio
1052 3519 1064 3569 Ι
1078 3535 1084 3569 ;
1096 3538 1110 3563 «
1119 3517 1260 3586 Quartsstte
1272 3518 1360 3570 norbo

322 3603 343 3635 t.
353 3585 595 3652 Anmnquisquis.
606 3582 672 3649 Qun
679 3585 798 3657 deincep
847 3605 1031 3666 aggravante.»
1045 3593 1190 3668 intelligere
1209 3607 1299 3650 antem
1315 3595 1361 3649 hoe

284 3671 439 3734 sequutum,
457 3659 591 3712 divisionis
611 3679 663 3713 esse
679 3673 796 3732 apparet,
847 3672 904 3726 loeo
917 3673 1015 3725 Rhetor
1026 3673 1135 3734 videtur.
1155 3675 1201 3745 qni
1219 3676 1302 3730 animi
1314 3697 1362 3751 pa·

286 3741 358 3816 cujas
372 3739 402 3792 in
413 3737 539 3792 vetes-ibas
550 3737 703 3792 editionibus
713 3739 741 3792 iu
750 3739 798 3794 hae
849 3749 945 3802 riantur
957 3749 1105 3822 deliquium,
1116 3749 1216 3806 Schult.

285 3817 464 3874 Controversia
477 3817 548 3869 anila
556 3827 593 3868 est
601 3817 738 3883 distinetio;
749 3839 799 3890 qus
881 3825 905 3891 4.
917 3825 972 3880 Sed
979 3828 1013 3880 de
1021 3831 1152 3880 communi
1167 3850 1252 3883 causa
1263 3833 1362 3901 loquor.

283 3893 549 3967 rationehiequtedstn
559 3893 655 3960 deesse,
662 3895 799 3967 lotamque
847 3903 987 3958 Excustbet
1000 3905 1067 3959 enim
1077 3945 1084 3970 ,
1094 3905 1163 3978 quod
1175 3905 1228 3961 isoe
1237 3909 1305 3963 iacto
1313 3929 1362 3963 sese

284 3976 407 4032 asteriscis
417 3974 561 4028 notandum
573 3973 648 4026 duco·
657 3973 693 4026 Ν·
701 3973 798 4026 Faber·
848 3983 1011 4038 reservaverit
1022 3985 1168 4060 patricidio,
1181 3987 1214 4040 ad
1224 3990 1295 4061 quod
1305 4010 1361 4062 per·

320 4081 343 4112 a·
355 4057 651 4126 Antpatremsvpt'fflm·
659 4055 714 4107 ¹⁴5⁹·
722 4053 796 4118 lib-'¹2
847 4065 974 4136 agendum
987 4065 1035 4118 sibi
1045 4079 1103 4119 ante
1113 4065 1176 4119 aiios
1192 4067 1251 4121 dari
1261 4070 1360 4142 copiam

163 4107 170 4116 ⁸
282 4132 797 4211 capit:esopituvoiuisseregemtubito
847 4141 1064 4196 videbatScitnlt.

278 4216 357 4268 ieta.»
365 4214 433 4269 Sunt
445 4225 471 4266 et
485 4231 603 4288 sopores,
619 4213 663 4283 qni
675 4210 797 4266 ducerent
880 4222 895 4273 5
915 4217 1065 4292 Siffciose
1076 4225 1136 4290 quis
1146 4223 1360 4293 adfirmem,
