2842 4812
342 469 406 539 260
663 467 711 530 Μ.
736 464 882 534 ANNAEl
905 467 1085 537 SENECAE

336 621 406 692 quo
423 593 513 664 istud
530 591 720 687 proposito,
742 608 851 685 pater,
872 591 993 660 seceris
1003 644 1016 680 ,
1034 593 1125 688 opud
1141 571 1309 690 plerosque
1320 597 1374 667 dis·

335 713 544 809 putationem
559 707 675 777 hebet.
696 710 793 802 Ego,
815 708 843 776 si
863 709 948 800 quid
970 709 1084 778 mitius
1099 711 1158 780 illo
1174 729 1312 806 tempore
1327 737 1374 780 ro·

336 831 429 899 luisti
452 827 545 908 fieri,
571 849 638 892 nou
657 825 821 924 intellexi.
845 827 993 919 Imposui
1016 826 1159 896 multum
1178 847 1370 920 recusantem,

335 967 370 1017 et
384 948 473 1016 insui
496 943 593 1014 culeo
613 943 851 1036 postulantem.
867 943 999 1035 Objicis
1012 945 1097 1014 mihi
1117 946 1292 1016 molliorem
1310 949 1374 1015 sni-

333 1087 425 1131 mum
443 1087 451 1127 :
467 1058 554 1128 alius
579 1059 693 1126 mitior
718 1074 768 1126 est
793 1057 870 1150 plus
892 1081 993 1150 quam
1011 1056 1135 1143 debet,
1152 1060 1236 1129 alius
1248 1062 1372 1128 severior

333 1191 383 1245 est
397 1198 497 1268 quam
511 1194 649 1241 necesse
662 1187 714 1240 est
729 1198 736 1238 :
750 1169 872 1238 mediis
884 1169 971 1239 alius
983 1172 1160 1242 affectibus
1172 1175 1257 1242 inter
1267 1189 1371 1242 utrun-

334 1313 402 1381 que
419 1289 547 1382 positus
562 1316 571 1374 3
588 1300 676 1354 totus
702 1286 738 1351 iu
762 1308 822 1352 sua
837 1301 1001 1378 potestate
1013 1302 1076 1354 est.
1094 1285 1241 1380 Quidam
1252 1303 1371 1356 etsccu·

330 1430 405 1474 sare
417 1420 452 1474 et
465 1403 625 1472 damnare
639 1417 798 1494 possunt,
815 1418 849 1469 et
866 1401 1022 1471 occidere
1041 1429 1048 1468 ε
1067 1403 1206 1495 quidam
1224 1421 1282 1472 tam
1294 1405 1369 1473 mites

331 1537 431 1606 sunt,
452 1536 574 1589 utnon
597 1519 729 1611 possint
753 1520 790 1586 in
815 1535 917 1612 csput
940 1543 984 1586 ne
1012 1521 1237 1590 testimonium
1258 1516 1368 1610 quiden

329 1637 458 1706 dicere.
483 1639 559 1704 Non
588 1657 723 1727 possum
748 1633 921 1704 hominem
946 1633 1102 1705 occidere
1120 1664 1128 1706 :
1145 1636 1209 1706 hoe
1223 1635 1326 1704 vitium
1343 1645 1368 1698 et

327 1752 421 1848 apud
443 1755 570 1847 piratas
594 1751 781 1820 invenitur.
799 1751 867 1820 Alii
891 1753 1007 1820 vivere
1030 1755 1103 1821 sine
1130 1753 1314 1848 reipublice
1323 1747 1368 1817 sd·

327 1869 575 1940 ministratione
586 1891 653 1936 non
667 1883 830 1961 possunt:
844 1867 920 1936 aliis
933 1869 969 1935 in
981 1869 1114 1962 privato
1126 1870 1243 1956 lutere,
1255 1882 1368 1938 etextrs

326 2008 458 2056 omnem
479 1983 642 2054 invidiam
663 1986 861 2068 secessisse,
882 1987 1052 2079 praecipua
1070 1987 1290 2080 tranquillitas
1308 1997 1364 2052 cst:

323 2102 401 2172 aliis
422 2127 491 2174 non
509 2117 620 2197 potest
639 2101 855 2196 persuaderi,
880 2118 918 2172 ut
941 2105 1156 2172 matrimonio
1174 2103 1364 2197 obligentur:

326 2217 421 2304 aliis,
439 2233 478 2286 ut
493 2233 630 2286 careant
645 2244 654 2285 :
668 2233 746 2286 sunt
763 2219 824 2310 qui
841 2233 950 2288 castra
965 2220 1124 2302 timeant,
1143 2237 1220 2290 sunt
1232 2219 1285 2312 qui
1296 2217 1366 2285 cios·

322 2331 469 2405 ¹tricibus
488 2331 558 2399 suis
576 2331 758 2424 gaudeant.
778 2333 820 2400 In
837 2347 929 2402 tanta
943 2357 1073 2402 morum
1088 2337 1262 2416 varietate,
1275 2330 1366 2398 videte

327 2447 528 2543 quantulum
545 2449 589 2515 sit
605 2448 698 2540 quod
718 2470 892 2535 excusem3
913 2471 982 2518 non
998 2449 1197 2537 ambitioni,
1217 2473 1280 2518 non
1295 2449 1367 2515 iner-

326 2567 381 2636 tiae
395 2567 528 2635 veniam
550 2580 630 2658 peto
648 2592 656 2632 s
673 2566 868 2634 misericors
885 2589 975 2651 sum,
995 2590 1064 2634 non
1082 2591 1218 2660 possum
1237 2563 1366 2636 occidere

323 2684 510 2754 hominem.
524 2682 718 2767 Gratulare,
735 2697 845 2776 pater,
862 2699 989 2754 naturae
1002 2707 1101 2769 mese,
1118 2709 1285 2778 nunquam
1296 2683 1367 2773 ejus·

324 2799 418 2872 modi
444 2799 536 2868 filius
560 2796 783 2891 parricidium
804 2798 917 2868 faciet.
943 2802 1016 2868 Hoc
1030 2797 1150 2870 vitium
1168 2827 1188 2870 a
1205 2817 1237 2871 tc
1253 2799 1366 2870 traxisse

220 2901 222 2906 ,
321 2915 453 2985 videor.
471 2919 549 2984 Non
565 2913 691 3006 putetis
708 2914 985 2998 misericordem,
1007 2919 1068 3010 qui
1085 2943 1188 3010 quem
1204 2914 1365 2992 damnarit,

322 3032 420 3101 fratri
440 3027 651 3125 puniendum
672 3029 791 3100 dedit?
814 3035 977 3103 Centurio
1003 3034 1140 3104 Luculli
1162 3033 1366 3106 Mithridaten

323 3169 395 3214 non
418 3143 529 3237 potuit
555 3144 747 3231 occidere',
764 3143 903 3215 dextera
923 3147 1082 3216 simulac
1107 3167 1220 3219 mente
1236 3145 1364 3240 languit,

324 3284 386 3354 pro
410 3259 499 3329 bone
522 3257 672 3354 Jupiter!
695 3260 926 3330 Mithridatem
945 3287 1047 3358 quam
1065 3288 1135 3335 non
1154 3265 1289 3335 dubium
1303 3283 1367 3354 psr·

326 3373 469 3442 ricidam
483 3379 512 3443 ².

369 3495 511 3562 Pournrr
537 3493 682 3562 Srnorsrs.
708 3493 845 3574 Gaude,
870 3510 987 3588 pater,
1010 3514 1133 3576 neuter
1157 3523 1198 3567 ex
1221 3495 1296 3566 filiis
1316 3487 1367 3558 tuis

323 3683 372 3748 tir,
385 3683 456 3755 quasi
471 3683 542 3738 eliud
557 3685 675 3756 agendo,
688 3687 832 3742 ostendunt.
880 3687 980 3752 Mario,
993 3707 1047 3760 esp.
1059 3688 1105 3754 66,
1116 3700 1141 3740 et
1150 3689 1209 3742 infr.
1221 3687 1367 3740 Cestros-tt·

259 3759 265 3765 ’
322 3761 423 3816 Schult.
844 3784 847 3793 ·
880 3767 1085 3838 quenti-Sciron.

360 3861 381 3894 s.
398 3838 584 3894 Mithridatem
599 3861 652 3893 non
665 3845 750 3910 potuit
764 3845 832 3895 occi-
913 3842 1033 3915 mQrum
1041 3867 1092 3898 non
1100 3845 1209 3898 dubium
1215 3839 1364 3911 parricidam·

323 3921 389 3972 dere.
399 3917 521 3970 Bitlmcus
533 3938 663 3990 percussor
675 3917 716 3973 hic
728 3931 752 3973 et
763 3920 831 3974 Gsl-
880 3925 947 3976 Note
958 3944 988 3977 es
996 3921 1201 3978 suntet-Iustino
1209 3921 1227 3973 l,
1235 3909 1365 3974 xxxvtll·

324 3997 442 4052 lusmilss
450 4007 563 4065 vocum,
573 3997 600 4050 in
609 3998 718 4069 epitoma
727 3998 831 4054 Liviana
883 4001 996 4074 Appiano
1014 4002 1042 4054 in
1060 3997 1234 4054 Mithridatico
1250 4007 1273 4048 et
1286 3991 1367 4046 Pleur-

322 4074 367 4126 tib.
377 4075 433 4128 Cll.
443 4077 550 4138 strom,
561 4075 676 4150 Appiano
687 4077 716 4128 in
726 4075 832 4129 Mithri·
881 4079 928 4134 cho
944 4079 971 4131 in
983 4079 1098 4150 Pompeii
1111 4090 1135 4132 et
1148 4075 1247 4130 Luculli
1259 4075 1313 4127 vitu,
1323 4069 1367 4120 No-

323 4152 413 4206 datico.
425 4152 544 4207 Sitoclrus
554 4154 657 4208 ductori
669 4155 701 4208 ds
713 4156 784 4208 Viris
794 4156 832 4210 il·
880 4169 935 4210 tum
949 4169 974 4210 et
985 4156 1049 4210 illud
1063 4177 1115 4210 uno
1128 4155 1236 4220 nuntio,
1248 4165 1316 4222 atque
1326 4161 1365 4198 ult!

322 4230 391 4284 lustr.
401 4250 454 4304 esp.
468 4231 506 4299 76.
517 4233 637 4305 ldemqne
644 4234 719 4287 refert
726 4233 758 4288 de
768 4233 831 4288 Caio
881 4236 1019 4289 litterarum
1030 4235 1214 4307 significatione
1222 4273 1231 4301 ,
1238 4233 1365 4287 innonat·
