2876 4804
352 395 397 467 aa
667 395 805 466 snos.
831 339 1076 472 sonorrus,

349 532 436 582 tante
448 526 472 598 ¹,
483 516 625 605 perutilis
643 515 710 580 haec
722 513 881 594 tractatio,
895 513 928 579 iu
935 534 999 601 qua
1010 510 1125 576 diserte
1135 509 1251 590 multe,
1263 525 1295 574 et
1304 525 1404 576 acute

350 625 391 688 de
405 623 537 712 legibus,
547 623 727 710 causisque,
743 621 982 709 etncgotiorum
992 618 1111 684 eventis
1119 615 1325 704 disputantur
1336 637 1345 682 ε
1357 637 1404 682 ne

291 800 293 808 ,
349 721 1405 817 rerumgerendarumomnisqueAntiquimtismdessheguleihra-

352 867 364 892 «ι
376 834 460 900 bule
470 834 622 915 forenses,
630 849 661 897 et
671 833 815 897 vultures
828 833 926 922 togati
938 861 950 888 υ
960 831 1083 920 potius,
1093 851 1188 918 quam
1196 829 1281 893 Iuris
1291 828 1404 893 Sacer·

277 933 281 942 ’
351 941 441 1006 dotes
452 940 661 1028 appellentur.
677 933 805 1004 Oratori
815 958 948 1026 quoque
959 936 1072 1003 futuro
1084 935 1250 1000 necessarii
1260 918 1405 1000 maxims

351 1046 384 1110 hi
399 1046 471 1109 libri
482 1067 490 1110 :
503 1047 568 1110 sive
584 1046 738 1109 sermonis
747 1057 947 1108 venustatem
957 1089 966 1123 ,
978 1042 1043 1104 sive
1052 1062 1206 1122 acumen,
1218 1061 1276 1112 seu
1287 1061 1405 1104 rerum

351 1149 553 1211 inventarum
570 1145 695 1235 copiam
710 1159 841 1233 spectes.
864 1143 910 1209 Μ.
927 1144 1013 1207 enim
1026 1141 1150 1206 Tullius
1166 1139 1207 1206 ad
1224 1141 1405 1206 Preeturam

353 1273 455 1341 usque
470 1267 507 1316 ut
520 1273 616 1316 nemo
628 1250 766 1331 diutius,
778 1251 888 1315 Romae
901 1247 1044 1329 assidue,
1059 1246 1167 1311 Rhodi
1181 1245 1275 1310 etiam
1288 1245 1406 1311 Graece

351 1357 439 1446 apud
457 1357 622 1424 Molonem
638 1355 859 1438 declamitans,
874 1371 972 1420 senex
992 1351 1137 1418 camdem
1151 1353 1235 1418 illam
1253 1354 1405 1417 exercita·

351 1466 482 1548 tionem,
493 1487 594 1553 quum
602 1467 667 1551 jam
678 1479 833 1554 occupata
843 1485 861 1526 a
872 1463 994 1525 Caesare
1002 1460 1098 1547 Resp.
1109 1461 1143 1522 in
1156 1459 1259 1522 otium
1269 1457 1405 1522 litteras·

353 1593 417 1657 que
438 1572 628 1652 secessisset,
651 1591 759 1634 coram
778 1571 909 1633 summis
927 1566 1019 1646 viris,
1036 1582 1073 1629 ut
1090 1589 1129 1633 ex
1148 1569 1280 1634 Sueton.
1301 1565 1406 1629 Tran-

353 1671 453 1759 quillo
470 1694 566 1758 supra
586 1661 698 1749 docui,
717 1671 877 1733 revocavit
891 1691 900 1735 ε
916 1664 1005 1757 quod
1026 1658 1215 1754 θετικώτερον
1234 1666 1406 1756 pauloque

353 1777 513 1850 eruditius¹
522 1777 618 1842 luisse
632 1775 759 1841 dicendi
774 1787 873 1866 genus
889 1765 934 1842 ait
943 1779 996 1846 lib.
1010 1780 1059 1844 III
1069 1779 1112 1845 ad
1129 1779 1170 1864 Q.
1191 1779 1358 1857 Fratrem,
1371 1787 1406 1839 et

352 1865 545 1948 Tusculanas
553 1882 780 1971 disputationes
788 1883 906 1971 (quum
914 1907 1036 1974 ponere
1043 1907 1205 1975 quemque
1214 1883 1355 1972 juberet,
1362 1878 1407 1946 de

354 2013 421 2076 quo
430 1989 540 2053 audire
552 1989 679 2076 vellet)«
691 1989 1114 2068 senilemdeclamationem»
1126 1991 1239 2080 soepius
1251 1987 1404 2078 appellet·

353 2095 526 2185 Scripserat
538 2111 570 2159 et
577 2097 702 2182 juvenis
713 2095 864 2160 volumen
879 2095 1130 2179 Prooemiorum,
1148 2119 1188 2162 ex
1202 2117 1270 2185 quo
1284 2094 1407 2182 eligere

353 2217 388 2258 se
406 2194 799 2282 sohtum,quumahquod
824 2190 1008 2284 σύγγραμμα
1030 2199 1227 2278 instituisset,
1242 2193 1280 2261 Τ.
1292 2194 1407 2258 Attico

240 2357 243 2364 ,
354 2294 860 2377 scribitlib.XVI;ctDemostheni
883 2289 1024 2382 προοίμια
1055 2283 1245 2384 δημηγορικὰ
1271 2293 1407 2360 attribui

355 2400 449 2465 uideo
462 2423 469 2463 :
483 2401 578 2485 falec,
594 2415 630 2496 ut
641 2415 755 2491 putant
766 2400 873 2482 critici,
892 2421 901 2466 t
916 2416 972 2478 aut
985 2402 1012 2465 si
1025 2401 1252 2468 Demosthenis
1266 2402 1347 2482 sint,
1363 2398 1407 2465 ab

355 2529 394 2571 eo
403 2507 609 2595 edita,quum
619 2506 803 2596 Pythonem
816 2505 1003 2594 Byzantium
1017 2506 1235 2572 admiraretur.
1253 2504 1407 2570 Ciceroni

354 2635 431 2677 vero
456 2614 594 2677 Asiatico
614 2610 693 2674 nihil
715 2611 827 2699 aptius.
851 2610 974 2674 Verum
995 2612 1158 2676 enimvero
1179 2607 1407 2676 declamitantli

353 2716 421 2783 haec
433 2718 512 2782 ratio
525 2718 601 2781 vitio
616 2716 738 2804 generis
749 2715 897 2796 humani,
909 2731 945 2779 ut
954 2714 1007 2797 lit,
1020 2715 1226 2805 degeneravit
1234 2765 1242 2798 ,
1251 2713 1407 2804 quumad

355 2826 510 2915 plurimos
524 2827 591 2908 ejus
607 2821 721 2884 utilitas
733 2821 918 2907 pertineret.
935 2823 1024 2888 Ahiit
1035 2825 1068 2887 in
1078 2823 1209 2908 vitium,
1224 2822 1306 2888 etad
1319 2845 1408 2887 sum·

355 2954 444 2996 mum
458 2943 584 3008 evecta,
595 2926 681 2990 mole
695 2924 843 2990 laborans
855 2947 927 3008 sua,
945 2931 1085 3010 corruit,
1099 2927 1179 2996 dum
1193 2930 1244 2996 vel
1256 2927 1350 2993 exilia
1361 2928 1408 2994 ni-

357 3038 416 3100 mis
428 3031 657 3098 declamitando
671 3048 947 3116 comederentur,
958 3035 1010 3099 vel
1020 3035 1054 3098 in
1069 3035 1184 3100 scholis
1197 3036 1287 3100 velut
1301 3033 1344 3100 ad
1355 3034 1405 3100 Si·

358 3163 478 3207 rensecs
489 3140 638 3228 scopulos
646 3155 924 3221 consenescerent,
935 3163 1130 3231 omnemque
1140 3139 1261 3208 aetatem
1272 3140 1333 3223 ihi,
1345 3162 1408 3212 sua

356 3263 481 3311 tantum
495 3243 701 3326 admirantes,
714 3260 949 3312 consumerent.
968 3245 1053 3312 Hinc
1064 3247 1284 3336 sophistarum
1298 3247 1408 3337 appel·

260 3377 263 3382 ·
357 3352 451 3432 latio,
468 3349 563 3416 laude
583 3353 671 3441 prius
688 3351 798 3440 digna,
813 3367 886 3440 post
901 3353 935 3416 in
951 3349 1061 3416 odium
1074 3356 1190 3422 vertit:
1204 3352 1294 3442 quod
1310 3375 1351 3418 ex
1368 3375 1407 3420 ea

359 3474 514 3544 quaestum
515 3484 527 3544 J
537 3481 604 3539 sm,
617 3475 655 3521 ut
664 3473 776 3523 auctor
787 3457 1033 3546 esthristoteles,
1041 3458 1160 3526 sordidi
1168 3461 1313 3524 homines
1321 3483 1407 3548 quae-

360 3579 640 3650 rerenttquorum
665 3564 795 3627 nomina
823 3563 1216 3648 laertius,Philcstratus,
1238 3567 1408 3655 Eunapius

360 3669 548 3750 Sardianus,
571 3669 699 3750 Suidas,
721 3685 752 3734 et
780 3669 975 3760 Hesychius,
1000 3688 1036 3736 ut
1065 3674 1317 3738 nomenclatores
1337 3671 1406 3738 dic-

363 3790 449 3856 tant;
473 3791 645 3864 extantque
662 3777 789 3858 Graece,
815 3776 905 3864 quod
927 3777 1042 3842 eruditi
1062 3779 1166 3843 saeculi
1189 3780 1288 3844 nostri
1310 3778 1409 3844 felici·

361 3883 417 3946 tati
439 3882 662 3972 imputandum
690 3903 824 3966 censeo,
854 3881 983 3949 Luciani
1012 3883 1254 3968 Samosatensis,
1282 3884 1408 3951 libanii

406 4029 431 4063 1.
454 4010 541 4068 Andr.
556 4012 661 4079 Alriat,
688 4011 732 4064 lib.
748 4011 787 4064 IV
806 4009 912 4084 Parerg.
926 4032 948 4066 c.
968 4011 1011 4070 154
1034 4017 1124 4083 Quem
1137 4015 1226 4069 locum
1241 4013 1302 4068 ride
1315 4011 1408 4079 inire,

362 4123 389 4177 p.
408 4114 452 4174 ha.
