2866 4814
288 454 293 468 '
333 451 378 540 76
654 453 702 518 M.
728 449 873 523 ANNAEI
895 449 1074 531 surim

382 571 519 641 Annunu
534 573 634 646 Suu.
654 571 779 640 Tollite
798 589 927 645 vestras
944 563 1096 656 divitias,
1114 598 1199 666 quae
1213 573 1284 645 buc
1297 591 1402 668 atque

331 687 414 762 illuc
426 689 564 758 inserta
578 687 720 767 fortunae
734 689 857 770 fluctus
868 688 1016 782 appellet
1025 694 1050 772 ¹,
1071 689 1178 760 redite
1189 691 1224 763 in
1235 694 1398 784 gratiam

332 806 494 877 innocens
508 829 581 876 sum
597 811 623 874 ².

377 989 488 1058 PARS
505 989 698 1070 ALTERA.
714 992 832 1057 Vsum
846 992 990 1060 sinin.
1004 992 1165 1059 Crescere
1179 1015 1219 1060 ex
1234 1018 1307 1062 mea
1322 1019 1401 1086 pro-

329 1107 442 1201 posuit
459 1105 587 1184 invidia
602 1101 614 1140 ³
631 1129 638 1172 :
656 1131 836 1206 sequemur
849 1130 969 1193 senes,
985 1131 1053 1202 quo
1068 1125 1165 1177 vocat
1183 1110 1322 1178 ambitio
1335 1113 1397 1204 ju-

329 1219 470 1306 venilis3
494 1239 529 1288 et
544 1222 741 1290 concionem
762 1220 811 1288 illi
831 1221 1069 1316 praebebimus.
1095 1222 1218 1290 Melius
1234 1246 1270 1289 se
1283 1239 1399 1316 potest

323 1331 453 1425 jactare
470 1361 570 1429 quam
585 1335 781 1406 defendere.
803 1337 935 1430 Ecquid
954 1339 1067 1432 justus
1090 1356 1197 1440 metus
1211 1333 1306 1406 meus
1319 1343 1399 1409 esti

327 1479 372 1521 ue
386 1454 546 1522 heredem
562 1455 732 1548 ingratum
745 1455 888 1523 scribam
902 1505 912 1537 ‚
930 1455 1104 1522 inimicum
1122 1431 1325 1548 relinquam.
1339 1459 1399 1527 In-

328 1588 380 1650 ter
396 1587 534 1654 caetera,
556 1596 630 1664 quae
645 1571 730 1643 mibi
749 1596 824 1638 cum
840 1571 977 1642 inimico
994 1571 1105 1665 patior
1124 1565 1224 1640 esse⁴
1240 1597 1396 1642 commu-

327 1692 385 1758 nia
393 1741 405 1776 ,
426 1706 460 1758 et
475 1688 541 1758 boc
553 1706 603 1757 est
618 1715 626 1755 ε
641 1688 906 1786 infelicissimam
920 1705 954 1760 et
967 1690 1190 1757 tristissimam
1203 1691 1302 1766 ambo
1318 1693 1399 1785 egi-

328 1828 401 1871 mus
418 1804 542 1886 vitam,
570 1808 813 1895 excepto'uno‚
833 1802 924 1898 quod
948 1802 1034 1871 alter
1054 1795 1221 1872 alterum⁵
1239 1820 1399 1898 egentem

327 1919 491 2003 vidimus,
513 1921 614 1987 immo
631 1920 781 1990 fecimus.
799 1918 919 2011 Adjice
934 1921 1006 1988 istis
1019 1919 1202 1990 verborum
1219 1937 1397 1990 contume-

329 2038 390 2104 lias
407 2063 414 2103 :
433 2038 528 2118 risit,
561 2038 604 2105 ad
631 2037 748 2104 caelum
776 2061 894 2104 manus
921 2035 1072 2120 sustulit,
1101 2036 1207 2106 lassus
1233 2063 1269 2106 se
1296 2039 1400 2132 liujus

323 2152 505 2249 spectaculi
519 2150 707 2220 debitorem
720 2145 751 2217 ⁶:
769 2167 803 2218 et
816 2167 896 2218 tunc
907 2153 1052 2243 primum
1073 2152 1168 2218 fratri
1187 2153 1288 2220 vitam
1306 2177 1395 2246 pre-

328 2261 420 2338 catus
447 2285 508 2337 est.
537 2269 700 2336 Laetitiam
729 2267 923 2359 patrimonii
949 2269 1080 2360 parati,
1108 2286 1147 2336 ut
1167 2293 1207 2348 er
1228 2285 1397 2338 tantarum

328 2375 553 2450 calamitatum
572 2396 727 2481 stupore,
742 2380 869 2449 nullam
882 2383 1044 2475 percepi,
1064 2383 1131 2449 nisi
1150 2382 1242 2474 quod
1258 2383 1313 2451 isti
1334 2382 1398 2452 da-

327 2516 422 2567 turus
450 2521 540 2566 eram
571 2498 702 2580 omnia,
732 2497 782 2563 illi
808 2514 1006 2590 negaturus.
1029 2497 1167 2590 'Liquet
1191 2499 1290 2566 nobis
1317 2499 1399 2569 deos

362 2709 709 2782 1.Incertoesortunoestnctus
714 2712 834 2778 appellet.
883 2708 932 2760 lius
942 2708 1068 2780 Syriacus,
1080 2728 1133 2782 cap.
1142 2729 1171 2779 77
1181 2729 1187 2764 :
1198 2708 1340 2762 «Oblatum
1347 2710 1398 2764 sibi

325 2791 392 2842 Nam
405 2789 501 2842 divitiae
512 2789 621 2858 primum
634 2807 648 2838 a
661 2799 728 2859 patre
740 2789 772 2843 sd
786 2786 835 2840 lm·
884 2789 1028 2840 beultetem
1042 2789 1154 2862 putarit,
1168 2801 1195 2842 ut
1206 2807 1236 2842 ex
1247 2788 1347 2847 insidis
1357 2809 1397 2846 κ-

324 2880 396 2930 trem,
404 2866 517 2920 deindea
527 2870 601 2918 iretre
610 2865 641 2916 ad
651 2878 755 2938 petrem,
762 2865 839 2934 quasi·
883 2868 979 2920 notoria
992 2880 1073 2941 posset
1086 2888 1202 2922 crescere.
1212 2891 1226 2916 n
1238 2867 1340 2922 Schutr.

326 2945 424 2997 marino
435 2946 512 2996 lluctu
521 2944 635 3016 impulsae
649 2955 715 2995 sunt.
726 2943 818 2995 Sctnrt.
916 2947 939 3012 4.
949 2947 1115 3000 Pastorem.
1126 2948 1208 3020 Lege,
1223 2947 1396 3001 Fateor-diae

357 3045 379 3082 ι.
392 3023 518 3084 Innocens
528 3041 595 3082 sum.
606 3021 669 3080 Vult
678 3020 772 3100 nimios
784 3020 833 3092 spi·
882 3024 948 3084 banc
958 3037 1018 3098 puto
1029 3023 1157 3095 periodum
1165 3023 1280 3094 sequenti
1289 3024 1398 3098 jungen-

323 3099 385 3162 ritus
399 3121 428 3151 ex
444 3099 517 3150 rebus
532 3098 667 3155 fluentibus
685 3097 716 3150 ad
727 3111 831 3160 votum,
884 3105 951 3156 dam,
962 3104 1062 3158 scitule,

323 3201 477 3256 magnasque
492 3201 550 3254 opes
564 3181 654 3252 quibus
668 3201 694 3232 se
710 3180 833 3252 despexe·
915 3185 937 3234 5.
956 3181 1037 3252 Quod
1045 3185 1114 3234 alter
1123 3185 1244 3234 alterum.
1258 3181 1398 3233 Eaeontu-

323 3259 390 3323 riut,
407 3280 436 3313 ec
455 3261 574 3316 fraternas
593 3258 749 3325 discordias,
770 3279 832 3312 rau·
884 3259 986 3314 melissa
1000 3271 1022 3310 ot
1034 3261 1123 3312 acerba
1142 3258 1169 3313 in
1187 3258 1263 3314 istum
1279 3260 1397 3319 nondum

323 3357 375 3388 sam
400 3357 466 3400 csse,
491 3357 535 3390 cur
558 3335 589 3390 sit
615 3336 759 3402 abdicatos,
779 3357 832 3388 non
885 3340 993 3409 prolecta
1012 3348 1079 3388 sunt.
1094 3338 1180 3413 Quare
1198 3355 1245 3388 nes
1265 3347 1303 3388 est
1327 3337 1397 3408 quod

324 3415 414 3467 aliam:
426 3415 471 3469 ista
485 3415 538 3468 sola
551 3434 612 3474 csse.
625 3436 669 3467 cur
678 3415 753 3487 possit
765 3421 841 3466 nunc'
882 3412 925 3465 ille
936 3413 988 3486 jam
1001 3412 1220 3479 infelicissimam,
1237 3423 1262 3464 et
1277 3407 1397 3464 tristissi-

324 3492 404 3544 videri
422 3513 474 3546 non
492 3493 615 3545 innocens
630 3510 637 3544 ε
652 3511 730 3562 quum
747 3506 832 3545 tamen
882 3509 950 3544 mam
963 3509 1073 3563 reagere
1087 3491 1165 3544 ritem
1177 3501 1255 3563 putet·
1268 3489 1404 3545 Herilli&-

323 3569 469 3622 sine‘dubio
486 3571 527 3623 sit.
541 3569 639 3624 Schutr.
882 3570 956 3642 poulo
969 3582 1022 3640 post
1033 3585 1066 3621 :n
1080 3569 1125 3621 llle
1136 3581 1220 3621 nutem
1233 3567 1340 3620 audebit
1349 3588 1399 3620 ro-

357 3649 380 3702 3.
393 3651 506 3700 Crescere
517 3669 554 3702 ex
569 3668 627 3700 mea
640 3652 777 3718 proposuit
787 3653 832 3700 irs·
882 3667 958 3720 gare,
973 3647 1017 3716 qui
1028 3647 1093 3700 mori
1105 3647 1208 3702 mallet.
1228 3666 1305 3717 quam
1319 3645 1397 3698 verba

321 3727 401 3780 vidia.
412 3725 501 3779 Cicero
514 3727 539 3777 in
553 3728 626 3779 Vere·
639 3727 682 3780 lib.
696 3727 741 3780 ult.
753 3751 766 3775 n
777 3725 831 3778 lle·
882 3745 925 3777 sua
933 3725 980 3777 sibi
990 3725 1040 3777 dici
1048 3722 1082 3777 t»
1093 3727 1122 3776 ln
1135 3724 1238 3798 vulgato
1249 3743 1340 3776 seusus
1349 3737 1397 3775 est:

322 3805 399 3876 nique
411 3803 432 3857 si
445 3805 532 3856 videor
543 3804 592 3869 hic,
604 3804 707 3876 idquod
721 3825 768 3879 ego
779 3825 831 3858 non
882 3803 907 3856 in
922 3824 951 3856 eo
962 3803 1128 3854 tristissimam
1145 3821 1197 3855 non
1209 3802 1286 3854 fuisse
1299 3801 1396 3866 vilere,

319 3883 438 3957 quaesivi,
464 3881 495 3935 de
515 3903 567 3934 uno
586 3882 634 3936 isto
651 3882 759 3936 voluisse
773 3903 831 3934 cre·
880 3883 959 3934 immo
973 3879 999 3932 id
1013 3881 1136 3954 gaudium
1147 3881 1221 3934 luisse
1234 3881 1396 3938 maximum.

323 3981 389 4016 scere
400 3981 406 4017 ε
420 3962 465 4014 isto
477 3961 590 4014 absoluto
600 3961 684 4033 ,quod
694 3961 748 4012 sine
759 3962 831 4012 mul·
881 3962 948 4030 quod
959 3960 1064 4013 alterum
1077 3960 1138 4012 alter
1150 3973 1264 4033 egentem
1275 3960 1349 4013 vidit.
1357 3959 1398 4012 liu

322 4055 403 4094 torum
416 4040 509 4094 scelere
533 4038 590 4092 fieri
610 4061 663 4092 non
683 4052 778 4110 potest,
800 4040 831 4091 de
882 4043 991 4092 listerus
1003 4039 1070 4092 odia.
1083 4039 1183 4093 Sebrrlt.

222 4135 225 4140 '
320 4119 404 4172 multis
425 4119 488 4171 mihi
509 4138 617 4172 crescere
638 4117 731 4170 licebit.
750 4139 763 4163 n
782 4119 831 4169 Pro
913 4118 937 4171 ⁶.
964 4119 1056 4184 Holus
1081 4122 1220 4184 spectandi
1246 4119 1398 4190 deditum

323 4197 439 4250 Cluentio
448 4220 507 4251 nero
515 4198 659 4270 plenissime
670 4235 675 4262 ,
687 4210 712 4249 ut
720 4197 760 4249 hic
770 4198 831 4250 Val-
881 4200 967 4267 Quum
976 4199 996 4251 is
1005 4201 1048 4269 qui
1061 4199 1134 4252 debet
1143 4199 1175 4252 sit
1186 4199 1239 4251 sine
1249 4199 1329 4253 dubio
1336 4198 1405 4253 obli·
