2866 4814
311 351 749 448 eournovuusnnuu
772 381 854 446 us.
879 379 906 445 1.
1074 456 1075 461 Ν
1106 407 1146 470 71

83 502 192 570 adeste
204 503 359 594 judices.
385 503 482 572 Alter
501 504 584 572 mihi
606 529 644 572 ex
664 507 861 598 parentibus
877 522 1047 592 servatus,
1064 509 1149 577 altor

77 619 264 698 terrendus
281 635 347 686 ost.
368 621 540 712 Porrigite
562 637 694 688 mutuas
714 644 832 690 monus
849 623 886 688 iu
909 622 1071 712 gratiam
1095 649 1148 692 me

77 734 191 804 loederi
204 737 358 804 medium
371 739 379 770 ¹
397 737 524 828 pignus
533 715 659 807 addite.
678 739 773 804 Inter
785 737 870 805 duos
881 738 1145 823 contendentes,

76 850 206 919 medius
227 850 341 920 elidar
351 856 379 918 ¹.
395 854 486 944 Ergo
501 851 587 918 lame
602 851 799 919 morientem
814 851 954 934 videbo,
970 877 1033 944 per
1050 854 1147 946 cujus

75 961 229 1034 cineres³
241 968 421 1058 juraturus
437 989 510 1032 sum
525 967 540 1032 Ρ
557 967 678 1032 Omnis
692 965 859 1036 instabilis
875 983 907 1034 et
924 968 1054 1036 incerta
1067 968 1144 1036 feli·

10 1075 11 1078 '
77 1082 154 1148 citas
171 1097 236 1150 est.
259 1083 351 1174 Quis
368 1082 527 1150 crederet
538 1083 709 1174 jacentem
722 1105 826 1173 supra
841 1081 1054 1174 crepidinem
1069 1085 1145 1152 Ma·
1246 1138 1250 1152 .

77 1197 161 1266 rium
177 1215 239 1266 aut
258 1198 365 1266 luisse
378 1198 570 1278 consulem,
588 1213 647 1265 aut
664 1197 838 1264 futurum?
852 1195 945 1288 Quid
961 1221 1063 1290 porro
1077 1213 1142 1266 turn
1170 1279 1174 1288 Ι

77 1311 173 1407 longe
189 1315 346 1407 exempla
360 1317 503 1407 repeto?
521 1331 680 1404 tauquam
705 1311 805 1380 ruodo
821 1335 889 1379 nou
907 1313 951 1380 sit
970 1315 1029 1404 qui
1046 1315 1144 1382 illum

75 1426 169 1499 vidit.
190 1427 289 1520 Quid
307 1451 377 1494 non
393 1427 579 1494 timendum
594 1424 752 1494 felicibus
771 1428 895 1517 putas?
914 1425 999 1518 quid
1021 1427 1143 1521 despe-

77 1542 217 1609 randum
235 1539 457 1610 infelicibus?

119 1662 212 1728 Jurur
232 1662 434 1728 Gtuurorus.
454 1660 527 1752 Ego
557 1656 735 1738 indicabo,
758 1680 820 1724 cur
836 1681 889 1724 me
911 1657 1050 1726 abdices
1072 1684 1080 1724 ι
1108 1676 1144 1728 tu

77 1773 207 1860 iudica,
234 1799 299 1844 cur
324 1773 552 1867 adoptaverit.
582 1773 749 1866 Quaedum
771 1773 938 1842 accedunt
962 1798 1064 1844 nova.
1103 1780 1144 1844 Et

78 1891 212 1980 quidem
228 1913 331 1958 nova.
348 1889 439 1958 Illud
451 1913 519 1958 uou
533 1890 650 1970 miror,
669 1888 763 1979 quod
780 1889 1009 1958 misericordia
1024 1891 1143 1983 objici-

80 2019 141 2072 tur.
158 2005 252 2073 lllud
268 2005 388 2086 miror,
410 2003 501 2095 quod
521 2003 580 2072 hic
596 2004 727 2096 objicit.
745 2005 803 2072 Sic
818 2005 908 2073 enim
923 2029 977 2080 me
992 2009 1094 2100 gessi,
1106 2024 1143 2075 ut

78 2120 139 2188 boc
153 2121 301 2189 crimine
317 2119 403 2189 duos
427 2121 539 2212 pantes
557 2120 758 2212 obligarem.
783 2124 935 2214 Uterque
954 2142 1142 2212 meamet,

78 2256 215 2333 uterque
225 2241 271 2308 ali
285 2242 387 2307 misor
396 2239 578 2324 desiderat,
588 2256 733 2332 uterque
743 2240 917 2334 probibet.
931 2247 1001 2313 Nec
1011 2269 1139 2326 secum,

78 2378 137 2422 uec
151 2379 284 2424 mecum
300 2355 433 2424 fortuna
451 2355 539 2422 bene
552 2358 723 2422 convenit.
742 2357 942 2448 Componite
958 2356 1142 2449 aliquando

10 2519 11 2526 κ
81 2469 372 2562 bonos-quidem,
401 2469 461 2537 sed
483 2485 697 2538 contumaces
724 2472 828 2537 viros.
858 2473 942 2539 Uter
966 2470 1143 2542 discordiae
1236 2543 1239 2550 ,

79 2607 203 2653 oausam
218 2583 423 2678 praebuenit,
440 2584 578 2652 uolitea
595 2608 648 2651 me
667 2585 818 2677 exigere.
834 2585 985 2678 Uterque
1001 2603 1142 2679 patruus

80 2717 141 2786 est,
156 2718 303 2793 uterque
316 2715 414 2793 poter
426 2715 489 2766 est.
505 2702 646 2768 Troum
659 2699 703 2768 nd
716 2702 815 2768 istum
832 2700 946 2770 fratris
959 2702 1012 2770 sui
1023 2718 1057 2770 et
1070 2703 1141 2772 for·

79 2832 152 2884 tuns
164 2833 199 2884 et
212 2817 359 2884 unimus.
377 2815 574 2882 Misericors
593 2837 679 2883 sum.
696 2791 965 2886 Non‘mutnsscm
981 2833 1109 2910 patrem
1126 2867 1138 2904 ,

79 2933 270 3001 tincturam
291 2945 423 2998 mutare
438 2932 637 3026 potuissem.

122 3051 158 3116 P.
175 3051 390 3132 Assennirrs.
411 3047 570 3114 Fortunae
589 3063 639 3114 cst
658 3046 710 3114 len
720 3097 730 3130 ,
752 3065 911 3140 prestare
926 3074 1002 3141 quae
1019 3075 1143 3144 exege-

10 3165 11 3170 ’
80 3167 135 3232 ris.
151 3167 333 3234 Miserere.
349 3162 524 3230 Mutabilis
537 3177 588 3229 est
602 3185 699 3229 casus
719 3189 725 3227 :
744 3163 913 3230 dederuut
927 3165 1026 3232 victis
1046 3182 1142 3260 terga
1197 3260 1201 3269 Ι

10 3329 12 3334 ,
83 3280 215 3349 victores
246 3294 312 3347 :et
338 3301 422 3372 quos
445 3294 644 3372 provexerat
668 3279 823 3361 fortuna,
851 3278 1016 3348 destituit.
1043 3281 1140 3373 Quid

10 3523 11 3544 χ
81 3477 185 3530 tensione
197 3473 581 3536 siintcrborninsstxcrceetur',
667 3494 689 3524 α.
708 3471 815 3524 Elidar.
835 3473 908 3543 Ergo
917 3473 1004 3542 some.
1027 3475 1089 3528 Cod.
1110 3475 1141 3528 C.

10 3575 11 3612 l
82 3573 169 3628 semper
182 3555 349 3626 conjunctum
363 3551 583 3625 essencmoiguo·
632 3555 707 3605 elido.
719 3551 830 3620 Quidem
841 3552 960 3620 omittunt
963 3552 1048 3622 firme.
1195 3613 1203 3630 .

10 3621 11 3662 l
83 3645 119 3683 nt
129 3633 222 3686 Schult.
665 3627 687 3680 3.
701 3629 756 3682 Per
772 3635 844 3693 cujus
862 3635 966 3684 cineres.
983 3631 1033 3684 Per
1048 3633 1140 3704 patrios

10 3763 11 3770 χ
113 3728 130 3760 ι.
142 3710 248 3763 Foedtri
264 3711 382 3761 medium
396 3710 500 3778 pignus.
518 3707 582 3762 Foe-
631 3707 727 3762 cineres
747 3709 829 3776 jurare
851 3708 964 3761 solemne
982 3707 1054 3760 olim.
1076 3707 1141 3762 lrllr.

84 3783 160 3841 (ltrm
177 3787 286 3860 pignora
303 3785 480 3856 Schulliugius
498 3785 582 3839 inter·
632 3787 663 3839 de
676 3788 704 3841 L.
717 3785 822 3838 Albutio
833 3785 931 3850 Silone,
941 3789 1035 3857 praelat.
1047 3785 1091 3839 lib.
1101 3787 1142 3840 Ill

81 3879 192 3934 pretatur,
205 3868 324 3930 obsides,⁸
342 3884 417 3935 quam
437 3865 578 3937 iuterpreta-
628 3865 750 3917 controv.
763 3875 787 3914 ct
804 3863 939 3914 Suetonius
955 3863 982 3914 in
999 3861 1071 3916 claris
1082 3861 1140 3917 tlte·-

84 3942 166 3995 tionem
175 3939 579 4014 multiulleliseremplisfirmat.
628 3940 730 3994 toribus.
754 3942 862 3994 hcones
883 3942 943 3993 item
964 3941 1082 3994 Suasoris
1100 3961 1140 3994 se·

79 4015 120 4072 llic
131 4033 210 4074 sutem
223 4019 256 4074 ab
276 4020 339 4091 ipsis
354 4017 482 4074 obsidibus
502 4020 579 4090 puin
628 4018 712 4072 cunda
728 4037 735 4072 ε
749 4020 816 4070 «Per
833 4017 962 4094 sepulchra
975 4031 1058 4072 nostre
1070 4019 1138 4092 jurn-

10 4147 13 4162 ,
78 4097 315 4152 lnotlatioridetur.
629 4095 729 4149 bitur.»
743 4093 837 4182 Sciron.
947 4155 953 4168 1
