2878 4816
296 464 357 526 182
616 459 663 522 M.
690 455 834 524 dNttAEt
857 457 1035 526 SENECAE

294 587 346 657 soi
360 613 368 652 e
387 585 452 653 Dio
465 583 548 676 quid
562 584 598 652 in
608 582 707 652 domo
721 599 779 650 tua
797 583 1030 676 peccaverim?
1044 583 1113 656 Sed
1130 583 1204 656 hac
1220 609 1366 658 consue-

294 705 376 775 tudo
397 721 532 800 vestra„
546 705 709 798 Injuriam
731 705 859 774 vocatis
882 705 985 772 finem
1011 707 1196 776 servitutis
1218 709 1365 778 Tamdiu

295 823 391 894 vohis
406 821 501 891 cordi
514 845 652 903 sumus,
670 819 833 913 quamdiu
845 822 935 888 usui.
958 824 1036 890 Haec
1053 847 1073 891 a
1091 825 1231 916 Syriaco
1248 827 1340 896 dicta
1350 879 1362 913 ,

296 941 427 1032 magnis
440 955 579 1031 excepta
593 939 807 1021 clamoribus,
821 945 925 1028 quum
938 957 1157 1034 occurrerent
1170 942 1269 1023 mihi,
1281 963 1364 1035 prae·
1431 977 1432 980 ¹

293 1063 400 1130 teuire
419 1079 490 1129 uon
519 1060 624 1152 potui.
656 1059 708 1127 dd
735 1059 905 1127 Othonem
933 1059 1056 1143 redeo,
1087 1085 1107 1128 a
1135 1072 1202 1152 quo
1228 1063 1362 1156 longius

294 1175 464 1243 aberravi.
481 1173 617 1242 Solebat
635 1174 697 1240 hoe
713 1171 844 1239 colores
858 1167 1045 1255 adhibere,
1066 1174 1131 1264 qui
1140 1169 1314 1242 silentium
1329 1191 1364 1243 et

293 1289 575 1380 significationem
589 1284 796 1382 desiderant.
813 1285 904 1352 Bene
918 1287 1033 1374 itaque
1054 1299 1088 1351 ct
1111 1285 1200 1352 hanc
1223 1304 1361 1356 contro·

292 1405 437 1473 versiam
453 1404 519 1470 hoc
535 1403 646 1470 colore
664 1401 773 1470 dixit:
792 1417 951 1493 tauquam
967 1403 1003 1468 in
1019 1401 1289 1471 emendationem
1303 1399 1362 1471 ab·

289 1522 482 1604 dicaturus,
513 1537 552 1604 et
578 1517 863 1589 reconciliationis
891 1533 990 1586 eausa
1013 1517 1155 1587 ‘facerat
1187 1522 1261 1587 Hoc
1277 1541 1360 1592 wnou

289 1637 484 1732 detegebat,
496 1637 556 1706 sed
567 1636 723 1704 omuibus
734 1636 910 1704 sententiis
918 1633 1076 1704 utebatur
1085 1635 1130 1704 ad
1140 1635 1206 1704 hoc
1216 1637 1361 1707 tenden-

291 1755 408 1825 tibus:
429 1772 608 1845 tanquam,
630 1755 708 1820 Non
731 1775 886 1846 possum,
913 1753 1042 1844 inquit,
1069 1753 1138 1844 pati
1161 1753 1236 1820 sine
1264 1771 1360 1846 patre

290 1893 343 1938 me
361 1891 428 1941 :an
445 1871 570 1937 sinete
588 1883 685 1961 putas
705 1871 775 1962 pati
795 1888 893 1962 pocae
911 1889 1137 1961 quemquam,
1153 1885 1212 1936 aut
1228 1885 1359 1962 patrem

289 1997 387 2075 putas
401 1985 472 2076 pati
486 1984 560 2054 siue
570 1982 688 2051 liberis
702 2007 800 2077 posse
810 1985 825 2050 i
837 1985 879 2052 Et
891 1981 978 2051 iilud
992 1981 1152 2050 :Credite
1166 1979 1272 2066 mihi,
1296 1985 1359 2050 im·

287 2095 489 2191 pium-nihil
507 2095 551 2164 de
570 2093 686 2167 liberis
705 2097 772 2168 duo
790 2112 904 2192 patres
925 2098 1087 2191 cogitant.
1105 2101 1148 2165 Et
1160 2095 1247 2165 illud
1265 2123 1275 2166 z
1294 2103 1359 2167 Re·

287 2213 410 2306 cipiat,
428 2213 559 2304 inquit,
575 2235 671 2300 suos3
686 2235 756 2282 non
766 2233 901 2306 possum
913 2215 986 2282 sine
997 2213 1205 2306 tepati3hoc
1216 2213 1358 2286 fortasse

286 2327 524 2421 ittiplaccbit,
554 2327 645 2419 quod
669 2328 714 2396 ad
739 2345 834 2397 tuum
856 2344 987 2424 patrem
1008 2331 1133 2398 reverti
1156 2329 1290 2396 voles¹.
1317 2335 1358 2398 Et

286 2444 376 2514 iliud
398 2473 406 2511 ι
436 2447 512 2514 Non
534 2469 626 2513 amas
646 2445 845 2514 abdicatos?
866 2443 1002 2514 domum
1031 2445 1168 2514 iliorum
1196 2468 1352 2540 occupa3

283 2562 546 2630 amastserva2.
566 2561 660 2629 Dixit
681 2577 715 2630 et
732 2561 819 2632 iliud
840 2587 847 2627 :
869 2559 1046 2647 Libenter,
1069 2562 1203 2653 inquit,
1225 2585 1357 2658 pauper

282 2703 356 2749 sum
375 2707 382 2746 :
400 2696 434 2748 et
450 2703 526 2771 ego.
548 2676 641 2748 Dicit
658 2675 782 2768 aliquis
807 2703 814 2744 :
836 2675 954 2768 Quare
971 2699 1052 2768 ergo
1078 2678 1113 2744 in
1139 2671 1354 2771 adoptionem

279 2794 394 2862 divitis
409 2793 518 2862 filium
530 2794 637 2884 recipi
652 2791 728 2858 volo
739 2793 754 2858 t
766 2796 809 2858 Et
822 2794 1072 2860 excusationem
1085 2793 1114 2858 si
1131 2792 1273 2879 dixero,
1290 2795 1352 2864 iiiii

277 2909 344 2976 mei
367 2931 468 2978 causa
487 2906 572 2974 facio
597 2935 604 2974 ι
628 2907 802 2975 honestius
820 2925 933 2976 autem
958 2925 1053 3004 nuuc
1070 2907 1177 2989 facio,
1200 2913 1354 3001 quamsi

275 3019 385 3088 fliium
404 3022 436 3087 ei
464 3020 622 3088 facerem.
644 3022 687 3086 Et
711 3020 797 3087 iilud
820 3048 828 3087 :
856 3024 929 3090 Hoc
953 3037 1012 3090 aut
1036 3040 1147 3089 meum
1172 3025 1353 3092 consilium

279 3143 351 3214 est,
363 3132 542 3216 antidius,
554 3148 614 3200 aut
625 3156 822 3217 commune,
836 3136 1054 3202 consentiatis
1064 3135 1144 3203 licet
1157 3134 1225 3204 duo
1238 3161 1348 3206 aenos.

277 3251 397 3340 iungit
410 3265 445 3317 et
458 3249 545 3318 illud
554 3300 565 3334 ‚
582 3253 814 3325 Temerariam
832 3251 1112 3332 adolescentiam,
1130 3268 1164 3320 et
1178 3253 1348 3324 incautam

273 3369 521 3436 contumaciam
540 3395 547 3434 :
569 3368 708 3438 fortasse
720 3371 791 3461 jam
812 3393 1020 3463 supervacua
1042 3385 1129 3438 essct
1143 3369 1303 3467 adoptio,
1322 3372 1349 3441 si

275 3505 346 3552 non
363 3498 596 3578 repugnasset.
615 3488 657 3552 Et
668 3484 755 3553 illud
773 3514 779 3554 :
796 3489 874 3554 Non
888 3488 1041 3580 recipio,
1059 3487 1172 3556 omnia
1194 3487 1276 3557 licet
1299 3490 1349 3556 ia-

275 3599 345 3670 cias
365 3628 373 3668 ι
390 3625 460 3669 uon
477 3625 537 3669 ero
554 3603 651 3702 pater
668 3599 751 3669 orbo
767 3601 886 3670 divite.
903 3597 944 3670 Et
959 3600 1046 3671 illud
1062 3605 1098 3670 in
1115 3603 1234 3671 ultimo
1253 3633 1261 3672 ε
1278 3605 1349 3674 Scis

272 3821 385 3883 dictum,
395 3818 481 3890 qumi,
494 3818 560 3869 iutra
572 3817 653 3871 officii
665 3837 706 3870 me
716 3835 785 3871 coo-
835 3819 1054 3890 rogitabitatque
1065 3819 1106 3871 vei
1114 3818 1190 3892 hujus
1201 3819 1349 3874 toiiuseon-

272 3899 337 3956 tintti
348 3896 457 3963 limites,
468 3915 515 3950 nee
530 3895 588 3948 illos
597 3915 654 3949 sum
664 3915 783 3968 agressus.
834 3897 996 3968 templationo
1007 3897 1039 3950 sd
1051 3897 1208 3950 revocandos
1217 3915 1261 3954 eos
1272 3897 1349 3952 indu·

276 3978 375 4035 &datit-
611 4005 613 4014 =
834 3987 911 4030 cetur.
924 3974 1024 4028 Seducit.

311 4074 333 4106 t.
355 4053 439 4124 Quod
445 4056 485 4106 od
495 4062 570 4106 tasum
578 4063 683 4122 potrum
692 4057 786 4106 ¹reuerti
868 4053 1166 4123 admahmecod
1173 4053 1250 4119 ticesi
1260 4055 1348 4108 tetdo·

273 4137 352 4187 uoles.
363 4135 402 4188 Fa
412 4133 481 4187 enim
491 4134 523 4186 do
532 4132 582 4186 sats
593 4143 730 4190 otvscororn
742 4131 786 4184 dc·
835 4131 955 4204 ptudtrm
963 4132 1090 4203 punisse
1105 4133 1153 4185 lia«
1162 4133 1234 4191 euim
1247 4131 1346 4186 occasio

275 4211 376 4276 ciderio,
388 4233 437 4282 quo
446 4233 477 4266 ne
488 4207 579 4285 epatre
589 4211 682 4270 divulsi
689 4211 784 4280 vivam,
835 4223 930 4284 patrem
938 4210 1239 4265 reconciliandidabitur.
1247 4207 1346 4266 Schola
