2842 4812
254 426 688 500 GONTROVERSIARUM
711 428 792 494 LlB.
817 426 891 512 111,
917 427 970 493 23.
1083 425 1146 518 ³²7

83 584 181 652 quiin
194 558 269 641 illa,
286 556 371 656 quid
384 556 562 652 optaverit,
573 555 679 648 possit
691 557 844 648 sequenti
860 577 996 648 semper
1008 557 1146 648 optione

88 673 286 744 rescindere.
309 675 461 743 Tertiam
478 671 558 740 lecit
574 673 805 764 questionem.
830 671 887 740 An·
902 672 932 738 si
955 672 1061 766 possit
1081 670 1147 742 ali-

88 790 215 882 qtatndo
235 791 389 860 revocari
409 789 519 882 optio,
542 809 634 857 nunc
646 784 782 855 debeat.
798 789 879 856 Haee
899 785 1050 856 deleneio
1063 783 1148 854 edo·
1214 809 1217 816 ·

19 955 23 976 .
84 908 256 993 lesosnds,
272 909 334 1000 qni
349 907 488 998 negavit
500 928 537 973 se
550 906 697 973 vitiasse.

128 1023 253 1090 Fuscus
269 1035 304 1089 et
320 1019 474 1088 ordinem
490 1020 631 1088 mutavit
649 1017 870 1111 quaestionum
881 1057 900 1103 ,·
912 1035 948 1088 et
970 1041 1147 1090 numerum

82 1136 209 1203 auxit-2
239 1134 320 1203 lecit
344 1134 435 1202 enim
459 1135 602 1228 primam
622 1135 861 1224 quaestionem,
891 1135 944 1202 An
966 1147 1063 1228 repta
1082 1157 1150 1203 non

83 1251 185 1342 posuit
211 1247 358 1343 emplius
380 1264 497 1342 optare
520 1271 619 1340 quum
645 1247 760 1316 semel.
784 1251 919 1334 Potest,
944 1250 1074 1340 inquit3
1096 1247 1149 1318 lex

83 1365 171 1432 enim
189 1386 261 1432 non
277 1361 423 1454 adjecit,
442 1362 611 1455 Quotiens
631 1375 744 1453 optet,
760 1362 839 1446 sed,
855 1365 904 1431 Ex
925 1361 1061 1454 quibus.
1079 1362 1149 1432 dut

83 1481 159 1566 boe,
174 1481 304 1572 inquit,
319 1494 378 1548 aut
389 1477 489 1548 illud.
504 1481 581 1546 Non
592 1476 724 1570 adjicit,
740 1479 859 1570 Neque
872 1475 1032 1571 amplius,
1049 1501 1152 1570 φιαιιι

83 1594 199 1662 semel.
227 1593 357 1662 Contra
371 1593 420 1660 ait
436 1618 444 1658 ε
461 1595 531 1660 Lex
544 1591 646 1683 jubet
670 1605 703 1659 te
722 1591 924 1660 alterutrum
944 1604 1074 1683 optare.
1095 1591 1152 1660 Tu

83 1705 208 1790 hodie,
231 1708 261 1774 ei
279 1720 420 1774 mortem
436 1705 586 1798 optaris,
610 1703 713 1773 iacies
726 1701 816 1796 quod
834 1727 1008 1796 nunquam
1022 1703 1147 1774 nomn

83 1840 132 1894 est
145 1851 155 1892 ε
167 1837 353 1914 utrumque
366 1820 547 1915 optaveris.
564 1821 674 1888 Etiam
689 1821 718 1888 si
732 1818 913 1904 nonlicet,
930 1820 1061 1911 inquit,
1078 1843 1152 1890 am,-

84 1939 173 2032 pliue
186 1961 288 2030 quem
300 1935 418 2020 semel,
431 1952 465 2006 et
475 1950 616 2005 mortem
626 1935 771 2030 optabis,
779 1952 815 2005 et
827 1937 1062 2032 nuptiusAEgo
1072 1961 1155 2007 non-

84 2055 166 2124 dum
184 2055 299 2148 opteri
316 2054 433 2146 :optio
456 2069 508 2122 est
533 2054 645 2136 enim,
671 2043 744 2146 quse
767 2053 917 2147 legitime
931 2054 971 2122 fis
986 2080 995 2122 ε
1012 2053 1071 2122 illa
1083 2077 1153 2123 non

84 2190 134 2244 est
152 2173 243 2241 faeta
264 2169 417 2263 legitime
434 2195 443 2236 ε
459 2170 486 2237 si
501 2183 625 2262 petetur
646 2169 842 2253 defuisset¹‚
862 2168 1029 2263 numquid
1042 2173 1153 2265 optio-

83 2313 163 2357 nem
176 2284 342 2357 voesree?
355 2284 392 2353 si
405 2296 502 2377 rapta
516 2279 689 2364 debuisset,
708 2298 824 2376 raptor
836 2306 905 2353 non
919 2282 996 2351 fuit.
1011 2283 1089 2353 Non
1102 2301 1153 2354 est

84 2405 142 2474 illn
155 2404 251 2499 optio
270 2427 278 2469 :
295 2423 404 2470 senno
417 2414 479 2469 est.
497 2397 551 2466 An
572 2400 723 2492 proximo
735 2396 867 2492 judicio
888 2399 1086 2470 confirmata
1107 2403 1152 2469 sit

84 2522 192 2616 optio.
211 2517 382 2611 Raptam
399 2541 407 2582 ι
424 2513 598 2607 Agebatur
611 2512 701 2607 apud
711 2513 864 2605 judiceu,
880 2529 995 2583 utrum
1012 2512 1154 2584 deberet
1218 2591 1222 2598 ⁴

84 2649 192 2729 reptae
208 2655 282 2701 esse
301 2630 392 2725 optio
415 2651 510 2696 :non
529 2627 718 2721 judicatum
741 2645 813 2712 est,
836 2645 967 2723 raptam
992 2653 1066 2700 esse
1090 2631 1152 2702 de·

85 2751 192 2820 berei'
207 2764 304 2841 repta
316 2748 371 2815 sit.
390 2748 484 2826 Non,
498 2745 611 2835 inquit
623 2771 630 2810 ε
642 2742 755 2837 puelle
771 2771 779 2810 :
795 2746 969 2835 quaesitum
981 2760 1032 2815 est
1045 2747 1149 2835 enim,

82 2889 129 2932 an
146 2886 212 2956 ego
229 2863 267 2930 in
281 2875 449 2954 ruptorem
458 2857 516 2950 jus
529 2855 689 2938 haberem
702 2886 712 2946 3
725 2855 917 2950 judicatum
932 2873 1001 2942 est,
1023 2857 1152 2930 babere

86 3002 141 3046 me
158 3003 167 3044 ι
182 2977 234 3043 uti
256 2973 376 3043 debeo.
400 2974 475 3040 Non
498 2995 634 3064 possum
653 2987 732 3040 onte
751 2973 861 3067 legem
878 2971 1028 3064 babere>
1052 2983 1151 3068 quam

88 3095 295 3187 mptorem².
313 3089 534 3160 Nouissimam
555 3089 774 3178 questionem
794 3088 875 3159 feeit
891 3092 1082 3183 aequitatis,
1099 3095 1152 3164 An

88 3227 193 3306 rapue
211 3206 333 3278 debent
350 3229 421 3275 esse
439 3207 532 3298 optio
543 3199 570 3272 ³.

133 3317 311 3392 Passennus
328 3321 418 3388 bane
436 3319 587 3386 ultimam
607 3334 737 3413 purtem
755 3322 803 3388 sio
819 3318 993 3391 dividebat
1010 3349 1018 3392 ε
1034 3325 1106 3412 An,
1124 3330 1152 3394 si

123 3515 145 3547 ι.
161 3492 194 3546 Si
206 3501 303 3562 prator
318 3491 450 3563 defuisset,
465 3490 598 3558 »namquid
648 3489 712 3541 laeta
731 3488 857 3560 legitime.
877 3492 936 3561 quie
952 3494 1018 3545 fatte
1036 3507 1073 3547 erl
1093 3495 1152 3549 dum

89 3576 117 3627 Ι).
138 3571 224 3625 Faber
241 3571 419 3642 interpretatur
436 3565 511 3630 iude,
529 3564 599 3636 quod
648 3567 786 3621 etiamnum
800 3567 935 3622 dubitetur.
949 3570 978 3622 si
989 3589 1043 3625 non
1058 3573 1155 3628 iuren-

89 3664 159 3705 actus
178 3647 288 3722 legitimi
308 3645 398 3699 liment
416 3643 600 3717 utplurimum
648 3657 687 3698 tue
696 3644 886 3719 lnimtraptor‚
898 3666 951 3700 non
962 3647 1154 3725 dieeresoptio-
1228 3653 1231 3663 '

89 3725 303 3795 inminenteipso
309 3736 423 3798 metare.
432 3725 520 3792 Alego
528 3721 600 3773 Prn·
648 3742 708 3776 nem
718 3742 725 3776 ε
737 3742 783 3775 neo
793 3724 861 3776 diees
871 3743 945 3798 ergo,
961 3743 1018 3795 qna
1028 3727 1091 3780 faeta
1103 3739 1153 3792 est,

90 3811 155 3860 toris
166 3804 211 3858 bie
227 3803 338 3856 Fuscum
352 3813 432 3874 parter
448 3798 600 3852 desiderasse
649 3802 712 3854 darn
729 3802 804 3856 etiam
822 3803 950 3873 queritur,
965 3805 1042 3859 luerit
1056 3809 1166 3877 raptum'

91 3883 174 3936 aulas
186 3880 311 3934 existimo.
328 3879 464 3950 Sumpserat
475 3878 543 3930 enim
555 3875 602 3930 :St
649 3899 737 3932 neone.
750 3879 860 3932 Gronov.

91 3971 183 4028 ruptor
203 3959 333 4030 defuisset.
360 3958 410 4009 Pro
437 3955 521 4028 puelle
544 3955 601 4008 boe.
683 3957 1153 4027 mNonpossumontelegemlmbere,

91 4036 215 4090 Nondum
227 4035 380 4108 adoptasse,
392 4032 452 4103 quia
464 4053 493 4086 aa
505 4044 541 4086 est
552 4032 602 4084 bs·
650 4055 731 4107 quom
747 4046 884 4105 raptorem.
899 4036 956 4090 Lex
971 4035 998 4086 in
1015 4033 1155 4103 libratim

91 4115 176 4169 bende
184 4114 264 4188 optio,
275 4131 333 4184 qno
342 4113 454 4185 legitime
464 4113 501 4180 te,
512 4131 602 4186 nempe
650 4112 707 4188 lege
717 4133 870 4170 concentum.
881 4111 979 4166 Sebult.

93 4212 171 4262 quam
188 4192 305 4265 derepta
317 4190 485 4246 enmtattista
497 4209 550 4244 non
567 4203 604 4245 est
685 4191 710 4243 3.
734 4193 779 4244 Aa
797 4200 881 4262 rapta
898 4191 989 4260 debeat
1006 4209 1061 4246 esse
1079 4194 1156 4260 optio.
