2866 4814
288 362 332 426 ss
608 337 658 428 Μ’.
682 357 1031 432 mnmsmncn

285 512 353 571 uo,
368 502 404 556 ct
415 488 489 580 ipsc
501 511 565 579 per
577 491 776 558 sententiam
788 490 839 556 sic
854 513 863 554 z
878 488 1013 580 Quidni
1026 489 1137 557 filium
1152 489 1239 557 mibi
1254 489 1380 557 nolim

286 625 364 672 cum
378 603 443 670 isto
467 603 678 671 communem
698 627 791 689 esse,
811 627 887 671 cum
909 629 978 695 qno
996 605 1125 672 utinmn
1145 627 1379 672 communem

288 733 420 809 patrem
437 715 664 786 habuissem?

333 833 477 902 Dromas
486 834 664 904 camma
675 833 772 904 illum
787 857 922 904 sensum
936 858 957 902 a
973 835 1088 903 latinis
1097 838 1267 927 jactatum
1278 833 1381 902 dixit

286 948 504 1032 brevissime,
520 951 692 1022 rarissimo
707 975 853 1045 gcnmc,
869 951 964 1045 qnod
973 955 1143 1026 sententia
1152 951 1273 1021 verbis
1285 973 1381 1020 con·

285 1079 448 1132 sumatur.
468 1067 540 1135 Nec
556 1068 648 1134 enim
665 1066 883 1159 paucioribus
897 1083 1019 1160 potost.

334 1181 514 1250 Encrrrron
528 1182 613 1252 levis
630 1182 846 1266 declamator,
862 1183 924 1252 scd
943 1183 1074 1268 dulcis,
1104 1183 1189 1252 dixit
1213 1207 1308 1253 novo
1339 1203 1378 1254 ct

284 1293 488 1382 amabiliter,
509 1297 604 1366 illum
615 1322 713 1391 aeqnc
727 1297 774 1367 ab
785 1300 943 1368 omnibus
954 1315 1110 1368 vexatum
1125 1323 1279 1384 sensum,
1297 1325 1377 1393 quo

285 1413 515 1483 reconciliatio
534 1415 675 1485 flauum
692 1431 853 1486 tentatur.

288 1623 1359 1662 W

525 1783 1017 1874 CONTROVERSIA
1055 1789 1120 1874 11.

603 2005 781 2052 ΒΑΕΕΒΒΟΒ
807 2005 1044 2053 PROSTl'l'UTA.

451 2178 525 2240 Lux.
543 2179 679 2239 Sacerdos
694 2193 769 2239 casta
785 2203 801 2262 c
816 2181 916 2254 enatis,
934 2203 1004 2260 pura
1019 2203 1035 2240 c
1050 2183 1129 2262 puris
1144 2176 1191 2242 sil.

282 2330 398 2389 Turul.
417 2327 558 2409 Quadam
583 2329 657 2404 virgo
673 2350 693 2387 a
705 2330 808 2408 piratis
829 2338 914 2408 captu
933 2331 1018 2388 centii
1029 2353 1039 2388 .·
1050 2339 1144 2409 empto
1161 2349 1180 2389 n
1197 2332 1320 2402 lenone,
1340 2347 1371 2395 et

319 2428 469 2510 pmstr'tuta
479 2438 530 2486 est.
552 2425 581 2486 V
578 2427 700 2488 em'entes
714 2429 755 2487 ad
766 2450 797 2488 sc
807 2428 948 2487 exorabat
956 2429 1055 2508 stipem
1066 2452 1078 2501 ;
1091 2429 1209 2490 miluum
1219 2433 1273 2512 (μα’
1279 2433 1325 2494 ad
1336 2457 1368 2495 sc

320 2545 443 2604 venerat.
458 2555 540 2615 quum
548 2554 669 2592 exorare
676 2555 732 2602 raon
742 2543 855 2612 maret,
869 2534 1063 2594 reluctantem
1085 2544 1113 2592 et
1125 2535 1179 2594 osin
1194 2533 1369 2614 rirsertntem

322 2635 440 2706 acardi&
453 2644 606 2702 accusatu,
621 2644 649 2692 et
660 2635 790 2693 absoltda
803 2681 810 2702 ‚
830 2635 947 2692 remissa
960 2635 1001 2693 ad
1016 2655 1080 2693 sucos
1103 2645 1146 2694 est
1157 2637 1252 2715 :petit
1263 2659 1374 2698 sacer*-

325 2737 442 2796 dotium.
466 2733 681 2794 Contradr'ct'tur.

284 2895 294 2927 ²
327 2906 515 2979 CONTRA
533 2900 757 2975 PUELLAM.
773 2907 887 2975 Poncn
902 2909 1081 2975 Ltrnonrs.
1099 2908 1265 2977 Sacerdos
1281 2935 1367 2980 nos-

276 3043 329 3094 tru
344 3022 458 3092 adbuc
477 3023 513 3089 in
535 3021 690 3114 lupanari
706 3023 858 3103 viveret,
880 3024 947 3090 nisi
968 3024 1139 3092 hominem
1155 3026 1359 3098 occidisset.

274 3143 369 3208 Intcr
380 3137 545 3206 barbaros
556 3135 640 3229 quid
654 3161 751 3230 passa
765 3139 828 3223 ait,
846 3141 983 3207 nescio:
1000 3141 1086 3232 quid
1097 3142 1168 3234 pati
1188 3147 1359 3234 potuerit,

274 3257 355 3323 scio.
376 3254 548 3323 Sacerdoti
564 3277 608 3320 nc
619 3276 726 3345 purus
736 3252 874 3344 quidem
884 3256 1028 3347 contigit
1040 3254 1211 3324 dominus.
1230 3258 1359 3329 Absint

274 3395 315 3438 cx
332 3368 398 3437 hoc
419 3369 492 3437 loro
511 3369 670 3450 lenones,
694 3369 806 3436 absint
826 3372 1021 3438 meretrices
1041 3397 1048 3436 ε
1070 3395 1113 3439 nc
1131 3370 1216 3464 quid
1230 3355 1356 3466 parum

274 3498 426 3550 sanctum
445 3498 622 3563 occurrat,
643 3480 722 3550 dum
738 3481 895 3550 sacerdos
913 3483 1050 3578 legitur.
1071 3485 1106 3554 Si
1120 3483 1208 3552 nihil
1230 3487 1353 3571 aliud,

274 3612 366 3666 certe
384 3598 553 3666 osculatus
571 3601 642 3666 est¹
664 3615 696 3666 te
706 3649 716 3682 ‚
733 3599 887 3690 quisquis
896 3623 1016 3692 puram
1029 3600 1182 3692 putabat.
1200 3603 1231 3670 Ο
1246 3625 1356 3694 egre-

275 3715 370 3808 gium
385 3711 561 3807 pudicitiae
575 3713 799 3808 patrocinium
818 3741 826 3780 ι
844 3715 984 3784 militem
998 3716 1120 3786 occidi.
1136 3717 1179 3786 dt
1193 3719 1356 3790 hercules

273 3832 431 3901 lenonem
445 3817 850 3900 nonoccidisti.Dcductu
864 3855 900 3901 es
913 3834 949 3900 in
963 3823 1122 3927 lupanar,¹
1128 3837 1292 3928 accepisti
1306 3836 1355 3904 lo-

312 4071 332 4102 ι.
347 4049 487 4104 Osculatus
507 4059 552 4101 est.
566 4049 624 4119 Quo
638 4049 691 4120 ipso
711 4048 785 4101 ctiam
837 4051 949 4110 Petram,
959 4049 1016 4120 quia
1028 4048 1212 4106 indelibidinis
1221 4051 1352 4104 stimulum

277 4129 365 4190 vitium
389 4130 493 4200 aliquod
518 4129 621 4182 allatum
650 4128 786 4201 pudicltIae.
836 4127 986 4181 bubucrunt.
