2866 4814
311 423 372 466 rna
632 402 680 466 M.
706 399 852 468 ANNAEI
874 399 1052 490 SENECAE

307 529 441 614 dicam,
460 530 489 596 si
507 529 558 597 vis
565 578 577 615 ‚
592 528 676 620 quid
690 526 813 596 dixerit
821 528 884 596 tibi
900 553 909 596 ι
925 527 1117 597 idemenim
1126 526 1211 596 dixit
1224 542 1260 594 et
1275 524 1376 596 huie:

306 645 389 714 dum
407 661 440 714 te
458 660 554 738 peto,
572 645 608 712 in
624 645 719 713 illam
733 643 851 714 incidi.
898 665 903 676 ·

215 742 218 752 Δ
357 763 497 832 Anannrr
516 764 614 830 Fusci
635 787 758 830 sunnis.
778 763 883 830 Retro
897 785 1012 830 amnes
1029 761 1153 845 fluunt,
1175 775 1210 828 et
1226 761 1276 830 sol
1295 785 1382 830 con-

309 880 413 947 trario
441 902 542 948 cursu
568 877 687 946 orbem
714 893 878 946 revocet:
904 877 1079 972 confugiat
1095 877 1306 970 sacrilegus¹
1333 875 1378 946 sd

291 1007 402 1080 aros,
422 1013 593 1091 ruptorem
608 1011 704 1089 rapta
722 993 888 1064 vindicat.
1062 977 1065 988 ⁹

357 1217 417 1284 EX
440 1213 618 1286 ALTERA
642 1214 804 1285 PARTE.
825 1218 969 1285 Possrnu
993 1162 1140 1286 Sunorrs.
1161 1220 1301 1286 Postero
1320 1216 1379 1286 die

309 1357 414 1425 quum
429 1331 479 1401 illi
491 1348 648 1401 narratus
663 1348 751 1401 esset
764 1349 950 1402 nocturnus
963 1356 1073 1416 error,
1090 1332 1175 1402 dum-
1187 1349 1284 1427 putat
1291 1357 1328 1402 se
1340 1336 1378 1402 in

309 1470 410 1515 unam
428 1445 608 1528 incidisse,
629 1445 712 1514 huic
729 1446 835 1539 priori
858 1447 1027 1540 supplices
1053 1445 1209 1516 submisit
1232 1471 1376 1528 manus,

307 1562 399 1632 banc
409 1565 505 1656 prius
518 1562 719 1657 deprecatus
732 1577 782 1630 cst
796 1589 804 1630 :
826 1565 993 1650 exoravit3
1014 1579 1153 1658 propter
1167 1563 1253 1647 hoc,
1270 1580 1377 1657 puto,

308 1681 372 1748 ista
387 1682 496 1775 magis
519 1682 646 1774 raptori
663 1681 833 1748 irascitur.
861 1680 976 1750 Altera
996 1704 1036 1748 ex
1058 1679 1181 1774 puellis
1208 1694 1379 1774 raptorem

308 1794 395 1860 mori
409 1792 499 1877 vult,
515 1793 622 1862 ultera
635 1795 762 1862 serrari
773 1817 870 1862 reum
885 1821 892 1860 :
908 1793 994 1863 alter
1002 1793 1109 1886 judex
1123 1792 1274 1876 mmmm,
1290 1793 1379 1862 alter

307 1905 451 1974 absolvit
463 1935 472 1993 3
488 1909 579 1978 inter
592 1907 748 2003 dispares
761 1910 971 1977 sententias²
988 1909 1103 1977 mitior
1116 1907 1242 1978 ducat.
1258 1909 1379 1976 Dicam

310 2023 401 2118 quod
418 2027 526 2094 sentio
545 2053 552 2092 :
574 2027 682 2121 magis
700 2028 914 2109 irasceretur,
934 2027 962 2092 si
976 2049 1078 2094 unam
1095 2041 1224 2093 tantum
1242 2026 1379 2119 repuis-

309 2155 383 2226 set3
399 2137 544 2224 diceret,
565 2143 654 2232 Ergo
668 2164 733 2234 ego
748 2140 818 2209 sola
837 2139 940 2233 dignu
954 2141 1025 2208 visa
1039 2163 1134 2231 sum,
1149 2139 1204 2205 cui
1217 2138 1380 2228 injuriam

311 2257 464 2324 faceret?

358 2373 575 2442 hearnium.
594 2375 733 2443 Referat
749 2399 841 2444 nunc
862 2376 1073 2470 virginiam,
1101 2375 1224 2443 referat
1248 2375 1383 2442 Luere-

309 2493 389 2558 tiam
406 2515 413 2556 :
433 2490 548 2584 plures
566 2505 679 2559 tumen
697 2485 851 2560 Sabiutc³
867 2505 957 2560 suut.
978 2494 1027 2558 Ex
1046 2490 1192 2559 tribunis
1206 2493 1381 2584 potentior

310 2608 436 2699 estqui
455 2607 636 2676 intercedit
652 2635 659 2675 :
679 2632 748 2676 non
763 2624 814 2676 cst
830 2606 996 2676 invidiosa
1011 2623 1178 2700 potestas,
1192 2631 1267 2698 quae
1279 2609 1382 2676 mise-

310 2722 458 2794 ricordia
476 2726 595 2792 vincit.
624 2721 720 2814 Quid
743 2747 869 2800 cessas,
901 2723 1039 2818 puella?
1062 2747 1124 2816 pro
1142 2725 1261 2792 marito
1279 2747 1376 2815 roga.

310 2841 389 2908 Haec
404 2841 571 2908 sententia
591 2836 812 2907 deridebatur
828 2842 979 2909 u-Cestio
997 2841 1093 2932 quasi
1106 2839 1260 2933 improba
1272 2833 1300 2906 ⁴.

312 3064 335 3104 te
346 3065 422 3118 amet,
431 3052 498 3105 banc
508 3072 566 3104 sero
575 3067 727 3126 aspernetur.
738 3051 821 3106 Nam·
903 3077 927 3108 n.
938 3057 1012 3108 Inter
1023 3057 1141 3124 dispares
1148 3057 1297 3108 sestertias.
1304 3053 1380 3107 Gro-

310 3147 360 3198 que
372 3149 401 3182 es
413 3127 454 3182 vel
466 3148 519 3182 non
538 3129 616 3194 dixit,
633 3131 675 3184 vel
693 3151 707 3183 s
719 3133 820 3187 fastidio
869 3136 933 3187 tium
944 3135 997 3186 rid.
1013 3136 1054 3200 ii,
1069 3137 1097 3199 5,
1114 3133 1158 3200 18,
1170 3134 1200 3187 de
1212 3133 1268 3208 jure
1279 3133 1343 3186 belii
1355 3147 1381 3186 et
1401 3193 1409 3214 .

311 3219 335 3258 et
345 3206 487 3280 arrogantia
498 3221 557 3259 suut
568 3210 751 3281 profectuque
762 3230 820 3264 usus
869 3212 942 3286 peris.
956 3211 1055 3265 Schuit.

310 3283 442 3337 adversum
457 3297 481 3336 te
497 3285 573 3338 etiam
587 3299 623 3340 est
636 3289 703 3362 apud
716 3286 819 3342 alteram
902 3291 925 3344 3.
948 3289 1044 3344 Plures
1066 3302 1154 3344 tumm
1175 3288 1291 3342 Sabina.
1312 3286 1381 3356 Qua

312 3364 432 3436 pueliam.
445 3363 543 3419 Schult.
869 3367 1016 3422 audodtsto
1026 3367 1195 3441 publicarunt
1204 3377 1290 3435 rapta,
1302 3376 1381 3434 atque

234 3463 240 3476 ·
291 3477 298 3483 -
347 3443 820 3519 r‚C0nsugiatsacri1egrss.Quispro·
868 3447 960 3500 barum
983 3443 1124 3517 exemplum
1146 3443 1244 3518 proprie
1266 3442 1300 3495 sd
1324 3458 1380 3494 rem

311 3522 433 3598 penbert,
444 3525 820 3599 utgrsvissimsquequecom-
870 3538 933 3580 eost
947 3525 1167 3578 accommodatum
1179 3541 1186 3574 ι
1200 3541 1253 3573 nou
1271 3519 1382 3592 perinde

311 3601 441 3654 mittantur
451 3602 558 3675 degitis,
570 3617 594 3656 et
603 3604 650 3676 ipsi
659 3604 698 3657 ilii
707 3604 820 3658 scelerati
869 3605 991 3658 Lucretia
1006 3623 1035 3656 sc
1046 3600 1171 3673 Virginis
1181 3618 1188 3652 :
1200 3617 1261 3670 quas
1275 3617 1382 3650 merne-

311 3677 432 3731 rusilium
453 3693 477 3732 et
496 3679 671 3754 impunitatem
691 3705 735 3757 per
753 3683 820 3756 ipsos
868 3682 948 3737 raudo
968 3680 1059 3755 puellas
1075 3678 1137 3732 huic
1159 3691 1184 3731 et
1208 3673 1303 3748 raptori
1330 3674 1382 3726 in-

311 3757 369 3811 iilos
383 3773 508 3830 quaerent,
524 3774 560 3822 et,
575 3762 596 3814 si
607 3762 655 3816 diis
667 3763 755 3835 piacet,
768 3763 820 3814 bs·
867 3760 963 3812 vidisrn
982 3760 1063 3810 facere
1083 3776 1139 3830 pars
1162 3755 1266 3808 adversa
1286 3751 1382 3804 studet.

311 3837 819 3915 beant,quosinsignitssiieccruntin·
868 3837 966 3892 Sctssts.
1307 3907 1314 3918 Ι

311 3919 388 3990 jorim
400 3919 460 3972 inde
472 3919 514 3974 itta
527 3923 610 3974 futura
620 3920 670 3990 jam
681 3920 817 3982 ominatur,
900 3919 924 3982 4·
940 3913 1029 3984 Quasi
1038 3911 1167 3981 improba·
1179 3909 1208 3961 1¹1
1222 3920 1272 3970 0³2·
1287 3907 1382 3970 ⁰¹⁸3&

311 4017 397 4050 amnes
406 4009 434 4050 ut
444 4010 509 4051 retro
517 3999 612 4062 fluant,
625 4011 648 4051 et
658 4011 686 4051 ut
695 3998 733 4052 soi
743 4017 819 4069 suurn
866 4011 896 4044 ⁸0
910 3992 1015 4044 mvdum
1032 3989 1161 4043 medem·
1175 3985 1327 4058 ifflPfflbum
1337 4004 1384 4038 ¹¹¹·

310 4076 453 4129 revolvatur
464 4076 492 4130 iu
504 4089 586 4129 onum
596 4098 602 4140 ς
614 4095 671 4146 que
682 4075 768 4128 omniu
779 4095 818 4128 re·
867 4087 917 4126 tem
927 4071 1011 4126 Cestio
1023 4071 1119 4131 visum,
1132 4067 1201 4140 quod
1213 4063 1384 4120 essententis

309 4173 368 4206 rum
384 4166 477 4208 neturse
491 4167 548 4208 snut
562 4153 675 4208 sdverss.
687 4153 785 4208 Schult.
870 4151 1012 4224 Argentarii
1026 4149 1077 4222 jam
1094 4147 1198 4202 maritus
1211 4157 1293 4214 esset,
1307 4144 1384 4218 enjus
