2866 4814
297 363 341 433 86
620 359 667 427 M.
693 359 839 428 'ANNAEI
862 359 1042 426 SENECAE

291 491 350 558 nio
369 511 430 557 auc
446 511 460 553 t
476 489 639 556 naturalia
667 505 782 556 tamen
808 485 873 552 itta·
892 486 942 552 via
969 485 1161 561 eminebat,
1184 509 1261 576 que
1290 493 1374 578 pcat

291 603 417 672 multoe
429 625 535 670 anana
548 604 678 670 tametsi
693 601 825 670 desidia
836 601 977 682 obruta,
995 615 1030 666 et
1043 600 1252 670 carminibus
1262 625 1375 672 cncr-

292 721 543 813 vata,vigorem
557 734 667 786 tamen
677 742 772 786 auum
789 717 910 784 tenuit.
929 717 1070 808 Semper
1082 731 1193 784 autem
1202 719 1374 809 cloquen-

291 840 375 904 tiam
389 836 462 926 eiua
480 832 735 902 commendabat
760 833 942 924 eliquaret
957 825 1308 923 extraeldquentiam.
1326 837 1372 904 In

290 972 400 1041 puero
416 949 623 1017 lenocinium
639 963 713 1016 erat
727 947 879 1039 ingenii,
894 961 994 1030 aetna,
1014 946 1050 1012 in
1060 945 1201 1038 juvene,
1216 947 1367 1016 desidia.

292 1068 359 1132 Hic
377 1087 481 1156 quum
506 1065 711 1133 declamaret
728 1078 858 1156 partem
882 1061 1090 1148 abdicantis,
1119 1062 1208 1132 hanc
1225 1067 1372 1134 aummia

294 1178 378 1246 dixit
396 1179 601 1248 clamoribus
615 1180 829 1247 sententiam.

342 1295 452 1362 Auru.
466 1295 597 1388 Quiaea
608 1311 658 1378 tu,
671 1296 731 1387 qui
741 1293 880 1362 defucto
895 1311 1026 1384 patrum
1040 1295 1241 1362 sententiam
1252 1294 1371 1362 ierne?

292 1408 355 1478 lile
368 1427 450 1479 tunc
464 1414 617 1503 peccavit
634 1416 642 1446 ¹
663 1439 672 1478 ε
690 1429 727 1478 tu
741 1435 833 1478 nunc
846 1433 985 1504 pcccae5
1001 1407 1046 1478 ad
1059 1425 1092 1478 tc
1106 1411 1274 1478 arbitrum
1287 1412 1371 1481 odia

291 1543 406 1596 nostra
417 1551 484 1596 non
498 1531 663 1596 mittimus
675 1555 682 1596 ι
693 1526 829 1618 judicet
842 1525 1007 1595 habemus
1016 1528 1118 1597 Deos.
1133 1531 1175 1596 Et
1185 1529 1277 1596 illam
1290 1553 1372 1598 aen·

291 1639 431 1714 tentiam
445 1673 454 1713 ι
466 1647 657 1714 audivimus
672 1645 813 1711 fratrum
826 1643 976 1711 fabulosa
990 1645 1195 1728 certamina,
1209 1659 1243 1712 et
1255 1647 1371 1713 incre-

292 1759 430 1842 dibilia,
460 1762 525 1828 nisi
552 1785 614 1828 nos
640 1760 841 1827 fuissemus:
862 1759 983 1848 impiae
1007 1755 1141 1849 epulae,
1171 1756 1370 1827 detestabili

291 1872 478 1964 parricidio
497 1873 629 1940 furvum
641 1872 746 1940 diem.
759 1874 831 1940 Hoc
845 1896 912 1939 uno
923 1871 1098 1940 modo-iste
1108 1871 1213 1941 frater
1225 1896 1245 1940 a
1259 1871 1372 1942 fratre

292 1988 337 2056 ali
352 1991 488 2056 meruit.
506 1989 618 2080 Quam
633 1991 833 2057 innccenter
846 2013 899 2056 me
918 2004 1036 2056 contra
1050 1986 1273 2080 parricidium
1286 1991 1372 2058 vin·

292 2101 398 2170 dico?
413 2103 522 2170 filium
541 2103 591 2171 illi
611 2129 709 2172 auum
722 2103 847 2172 reddo.

340 2221 475 2287 strms
493 2220 586 2287 hunc
595 2221 741 2288 colorem
756 2235 824 2286 tam
838 2221 1016 2287 strictum²
1031 2241 1101 2286 non
1116 2217 1292 2312 probarit,
1305 2222 1371 2288 aad

291 2335 374 2410 dixit
386 2335 641 2427 temperandum
653 2358 724 2402 csse
738 2361 746 2400 :
760 2351 795 2401 ct
807 2335 880 2426 ipae
893 2334 959 2400 hcc
972 2334 1085 2402 colore
1095 2358 1177 2402 utus
1186 2349 1248 2417 eat,
1262 2359 1370 2426 quem

289 2451 401 2518 atatim
423 2451 632 2544 aprincipio
655 2450 798 2517 induxit.
821 2451 968 2518 Miratur
984 2449 1127 2542 aliquia,
1148 2450 1240 2542 quod
1258 2475 1370 2541 quum

290 2565 357 2634 duo
383 2568 613 2659 gravissimam
640 2569 870 2660 acceperimus
897 2566 1077 2658 injuriam,
1106 2589 1170 2659 ego
1188 2581 1227 2634 'ct
1249 2567 1367 2650 iilius,

290 2707 355 2775 ego
369 2684 461 2752 aolus
477 2684 629 2752 irascor?
646 2707 716 2750 nen
735 2683 893 2774 estquod
910 2683 1089 2774 quisquam
1113 2683 1275 2768 miretur,
1291 2684 1369 2774 jam

289 2901 320 2966 4,
333 2898 365 2964 6,
379 2921 499 2954 noveram
517 2920 584 2964 etse,
601 2923 614 2948 ιι
624 2900 731 2953 ...ilium
746 2921 802 2953 tor·
852 2905 1049 2969 temerandum
1066 2903 1131 2956 irunt
1147 2908 1271 2962 colorem.
1289 2904 1373 2958 intel·

289 2998 350 3029 vum
363 2977 394 3030 ad
408 3000 449 3031 mc
461 2980 547 3032 veniat
558 2979 651 3034 veiim.
669 2980 722 3046 Qui
736 2981 803 3032 indi·
851 2981 905 3051 ligo
919 2985 1036 3033 strictum
1049 2982 1090 3034 hic
1102 3002 1165 3044 estc,
1177 2981 1247 3053 quod
1258 2985 1371 3037 distric-

289 3057 355 3108 tium
370 3056 443 3118 iacit,
459 3070 487 3109 ut
504 3077 551 3129 ego
570 3056 607 3109 ilii
625 3057 722 3127 aliquid
740 3057 801 3110 boni
849 3057 918 3116 'tuna
939 3059 1007 3128 quod
1024 3080 1069 3126 pro
1081 3061 1158 3123 duro,
1169 3079 1272 3132 aspero,
1288 3061 1370 3114 nimis

288 3131 409 3184 Dicam.»
425 3133 569 3200 Charisius,
581 3131 626 3186 lib.
645 3137 687 3196 ll,
706 3155 734 3186 cx
748 3133 802 3186 Ca·
852 3157 939 3189 teucro
952 3138 1046 3210 accepit
1059 3138 1144 3189 Vaicr.
1158 3138 1264 3190 Maxim.
1280 3137 1367 3203 vill,

287 3221 346 3260 tone
363 3227 370 3261 :
391 3234 405 3259 ιι
413 3209 494 3262 Multa
509 3231 574 3262 nova
586 3211 706 3264 miracula
722 3214 803 3266 secere
853 3233 883 3274 α,
904 3211 947 3264 ubi
965 3227 1001 3266 ext
1019 3232 1026 3267 ε
1044 3213 1104 3265 «Ex
1119 3215 1200 3267 amita
1212 3213 1369 3288 cbtequenti

287 3285 415 3340 inimici.»
433 3288 566 3360 Elegantia
582 3289 608 3341 in
621 3289 659 3342 iria
670 3309 722 3342 non
735 3291 797 3356 crit,
849 3289 932 3343 subito
945 3291 1082 3344 districtam
1094 3293 1277 3346 Feneratricem
1287 3313 1369 3366 agere

285 3364 335 3416 nisi
350 3388 363 3413 ιι
372 3364 470 3437 aliquid
489 3366 549 3418 boni
565 3363 683 3436 cuiquam
694 3367 775 3419 iacere
784 3389 797 3415 u
847 3370 945 3442 acepit.»
953 3371 1034 3424 Tacit.
1043 3392 1143 3442 qaoque
1156 3371 1369 3434 annat.1v,36:

283 3455 350 3496 reete
362 3442 470 3495 dicatur.
482 3441 510 3496 si
522 3447 633 3512 aliquid,
650 3448 724 3497 etiam
736 3467 799 3499 cm-
850 3468 863 3494 ιι
873 3447 909 3499 Ut
922 3448 976 3517 quis
987 3449 1122 3502 diatricticr
1133 3461 1274 3516 accusator,
1292 3449 1369 3504 reiut

283 3525 330 3572 m'a
343 3515 412 3572 bona
426 3532 451 3570 et
462 3522 632 3588 malefacere
641 3523 731 3584 alteri,
745 3541 796 3574 nnn
847 3538 1017 3578 sacrosanctus
1036 3539 1088 3578 erat
1101 3546 1106 3578 :
1117 3527 1198 3590 leven,
1219 3527 1369 3600 ignobiles,

284 3597 423 3650 absurdum
436 3596 532 3651 credat.
543 3599 642 3653 Schult.
847 3602 928 3672 pannis
949 3602 1133 3656 afficiebantur.
1148 3625 1161 3650 a
1182 3605 1303 3657 Contrav.
1329 3627 1347 3676 9
1363 3626 1371 3662 :

319 3696 339 3726 r.
350 3677 403 3728 me
413 3687 473 3728 tunc
481 3682 605 3744 peccavit.
615 3677 677 3752 Ejus
686 3677 721 3730 rei
732 3700 744 3726 ιι
752 3679 797 3750 jn·
850 3701 863 3726 a
875 3679 942 3731 Male
956 3681 986 3731 de
997 3703 1023 3734 aa
1035 3681 1176 3735 existimare
1187 3703 1257 3745 cum,
1270 3687 1316 3756 qui
1329 3685 1368 3739 ire

282 3753 350 3806 dices
362 3753 485 3806 habemus
494 3755 564 3819 deca,
574 3776 587 3802 a
599 3768 625 3807 tu
636 3767 720 3809 tamen
731 3776 798 3808 con·
849 3755 880 3808 ad
900 3757 1013 3830 judicem
1031 3759 1170 3812 districtum
1189 3780 1283 3814 nocent
1298 3764 1368 3816 ncl-

280 3841 317 3886 1η
328 3833 421 3900 tentia,
434 3833 461 3886 in
473 3853 523 3906 quc
535 3853 620 3906 petras
631 3833 699 3889 haud
712 3836 796 3889 dubie.
844 3835 886 3888 let.
896 3857 910 3882 a
923 3836 1034 3904 Quintil.
1045 3838 1160 3891 Daciam.
1172 3839 1232 3906 342,
1244 3841 1269 3893 ia
1282 3862 1364 3896 serm.

283 3912 384 3966 Schutt.
843 3935 919 3969 «non
938 3937 1037 3982 amare,
1057 3938 1103 3972 nec
1123 3919 1267 3972 districtc.»
1289 3921 1360 3975 Ptin

311 4011 334 4042 n.
358 3991 477 4046 &durem
508 4002 566 4043 tam
593 3997 722 4044 strictmn.
756 3993 792 4045 Ex
840 3994 885 4046 lib.
898 3994 1214 4067 li,Ep.xxt,«districte
1227 4000 1357 4052 minari.»

271 4067 351 4138 ipsius
373 4067 451 4122 Cestii
472 4066 617 4137 sententia,
638 4091 687 4140 qua
710 4069 791 4122 rciuit
840 4074 945 4126 Petron.
961 4095 974 4121 ιι
987 4075 1018 4125 Et
1028 4075 1128 4128 fortuna
1139 4090 1212 4129 tonet
1229 4077 1306 4130 celeri
1324 4080 1363 4131 di·
