2874 4796
231 461 670 534 CONTROVERSIARUM
692 463 774 532 LIB.
802 465 844 547 V,
873 465 927 534 35.
1049 463 1117 552 465

58 615 107 662 rot
118 606 244 662 rectroe
256 590 389 664 doceto.
405 593 502 682 Rogo
514 613 588 675 vot,
604 589 755 675 ludices,
772 615 835 684 per
849 593 976 662 lurtum
990 617 1116 676 meum,

58 709 202 800 quotient
215 709 343 780 lurtum
360 731 472 780 meum
485 707 634 801 protuli,
650 697 740 780 tacet
753 708 945 799 domiuua¹3
961 735 1027 805 ego
1042 711 1120 782 fur?

58 829 135 895 Ecce
149 826 254 896 altera
272 827 412 918 injuria.
434 828 512 894 Non
530 840 566 894 tu
577 875 589 910 ,
608 827 743 917 inquit,
762 825 941 920 perfodisti
960 826 1122 900 domum?

59 939 157 1023 Tace,
184 964 251 1034 ego
271 941 352 1010 novi
375 940 438 1009 itta
456 937 591 1009 melius.
609 941 758 1010 Narrare
776 941 889 1026 colec,
906 965 976 1012 non
995 965 1123 1035 nefflre
1178 929 1191 946 ’

58 1077 126 1145 que
143 1056 292 1126 acio.....

14 1231 19 1244 '
111 1245 122 1326 (
135 1235 246 1306 Coetcro
255 1245 363 1304 desem
383 1241 456 1326 Quoe
465 1251 622 1326 sequuuwr,
638 1264 676 1303 em
687 1227 822 1323 Epiruma
833 1255 945 1325 sumpto
961 1249 1062 1325 sunt.)

99 1408 138 1475 ln
175 1406 286 1475 lorum
325 1404 406 1473 veni
417 1451 430 1488 ,
473 1401 611 1472 narraui
642 1417 844 1471 nocturnam
873 1400 1124 1495 expeditionem

60 1547 168 1593 meam.
187 1525 429 1594 Convenerunt
446 1542 564 1587 omnea
582 1534 743 1610 tanquam
758 1515 804 1585 ad
821 1517 1034 1587 concionem.
1051 1521 1124 1589 Cur

60 1664 106 1710 me
118 1640 296 1712 submoves
307 1655 388 1706 ente
399 1635 660 1718 accusationem,
674 1658 780 1728 quum
788 1658 854 1704 nec
863 1633 1055 1730 proditores
1068 1638 1125 1706 ln-

60 1757 155 1826 auditi
167 1755 335 1851 poreant?
350 1754 383 1824 Ο
398 1753 523 1820 lurtum
547 1751 584 1818 in
604 1751 770 1820 concione
792 1749 1023 1822 narrandum!
1041 1775 1127 1848 pro-

60 1873 168 1952 ditorie
181 1872 478 1969 vigilantissimum
493 1883 624 1963 pectus,
642 1881 677 1938 et
694 1869 732 1936 in
746 1869 851 1937 exitio
864 1885 980 1938 nostra
993 1892 1129 1965 semper

14 1999 15 2002 ’
61 1989 250 2074 tellicitum,
271 1987 410 2083 publica
436 1987 503 2055 sata
519 1983 719 2079 cupiebant.
748 1984 800 2056 lta
825 1985 928 2056 etiam
953 1986 1128 2058 ministros

62 2107 331 2204 ejusallipaverat
345 2127 495 2184 somnus,
512 2116 551 2170 ut
563 2101 648 2169 mihi
660 2099 782 2170 liceret
795 2099 937 2196 eligere,
953 2102 1047 2195 quod
1060 2102 1129 2171 tol-

62 2223 167 2294 lerem.
182 2226 330 2295 Diruere
344 2221 429 2290 mihi
445 2217 588 2289 videbar
601 2219 750 2287 hostium
761 2243 889 2288 muroa.
905 2221 1052 2288 Furtum
1066 2244 1131 2290 vo·

62 2361 128 2424 cna,
149 2363 216 2433 quo
241 2337 331 2408 nihil
357 2337 478 2405 melius
505 2350 564 2403 tuo
590 2357 681 2403 anno
708 2335 833 2404 lactum
856 2339 932 2405 ceti
947 2341 1054 2407 Nemo
1071 2339 1128 2408 fur

63 2459 204 2552 rempub.
225 2458 373 2551 cogitat3
395 2452 484 2522 nihil
499 2474 569 2520 non
584 2450 666 2520 licet
678 2475 741 2544 pro
755 2452 876 2546 repub.
893 2453 1017 2524 facere.

102 2646 209 2716 PARS
229 2641 427 2715 ALTERA.
444 2641 538 2711 PRO
549 2639 863 2712 MAGISTRATU.
888 2643 1001 2737 Quale
1015 2647 1123 2732 illud,

64 2757 117 2845 dii,
126 2759 355 2857 spectaculum
362 2757 687 2850 firitlcompoouerat
695 2758 829 2827 interae
840 2757 974 2830 fortuna
984 2762 1122 2856 reipub.

64 2873 172 2961 iurem,
189 2893 224 2946 et
240 2875 465 2970 proditorem3
483 2888 522 2941 ut
534 2871 621 2940 vidit
633 2872 756 2940 inutile
771 2873 898 2942 furtum
911 2897 1022 2958 auum,
1040 2902 1125 2970 pro·

63 2987 157 3077 didit,
177 3010 215 3063 ut
232 2991 334 3061 nobie
352 2987 519 3060 venderet
542 2987 635 3082 quod
655 2989 741 3057 nulli
759 3005 906 3083 poterat.
923 2995 1009 3061 Tam
1026 2995 1125 3065 calli-

63 3107 118 3178 dua
131 3112 196 3196 fur,
218 3126 259 3181 ut
281 3111 383 3178 etiam
401 3107 569 3201 proditori
589 3123 703 3200 posset
723 3107 912 3202 imponere.
932 3112 1120 3184 Concilium

64 3227 160 3297 videri
176 3228 253 3298 vult
270 3226 502 3296 infelicitatem
525 3224 607 3293 furti
633 3224 700 3292 aui.
724 3225 794 3292 Lex
818 3251 894 3318 quae
917 3245 1120 3302 nocturnum

14 3393 16 3412 t
63 3341 160 3414 furem
174 3343 317 3426 occidit,
345 3364 483 3435 quoquo
509 3339 609 3410 modo
618 3340 754 3435 juhet²‚
780 3342 914 3411 nonde
936 3342 1117 3432 damnato,

62 3536 195 3590 concionari
201 3535 367 3612 prohibebat,
378 3533 449 3604 quati
458 3530 506 3587 tibi
515 3543 558 3586 ant
603 3536 717 3601 protuli,
730 3536 813 3587 tacuit
827 3537 965 3602 dominus,
982 3541 1053 3610 quasi
1067 3563 1117 3617 P,-

62 3611 261 3668 miteomeicnria
270 3610 422 3685 proditionis
433 3621 556 3674 metuens,
605 3608 718 3663 rentlreci
730 3623 811 3662 emeat
825 3611 930 3667 inclama.
943 3616 1024 3692 Perge
1038 3619 1116 3674 daim

62 3688 248 3758 proliberct‚ne
258 3687 383 3744 indicium
393 3685 493 3761 publice
503 3685 558 3739 lieri
606 3683 697 3755 Egone
706 3687 782 3756 sur?
800 3689 870 3742 Vcn.
893 3710 946 3745 ecee
955 3693 1016 3762 sur,
1040 3695 1116 3750 Unde

62 3780 141 3836 ponet.
150 3770 271 3822 &norica
283 3767 368 3842 plnres
386 3785 439 3819 etse
453 3765 558 3837 signifi-
606 3783 685 3834 quum
696 3777 867 3834 uumerus,
881 3780 906 3820 et
915 3772 994 3824 oratic
1005 3771 1118 3846 flagitare

62 3855 109 3910 tut,
120 3846 270 3920 subjungens
282 3863 289 3898 τ
302 3868 315 3893 οι
324 3844 384 3898 Non
399 3855 434 3897 ett
445 3852 495 3896 tam
507 3863 558 3896 en·
605 3842 760 3906 viderentur,
769 3844 803 3897 ita
812 3848 945 3903 emendare
955 3850 1117 3924 coepischul.

61 3936 124 3994 gutta
134 3925 269 3996 ruputnl)
278 3943 332 3976 uno
340 3920 449 3996 opprimi
457 3920 557 3993 possita
640 3921 764 3974 effocet.
780 3923 847 3975 Ven.
865 3928 945 3978 cecidi
957 3927 1042 3992 jubet,
1054 3949 1117 3999 preo-

93 4019 111 4054 1.
125 4001 203 4056 Tace!
211 4004 342 4056 Mnus.
354 4003 438 4070 Lege:
456 3999 559 4052 Tacuit.
606 4017 656 4068 que
667 4001 745 4052 modo
754 4000 833 4064 iubet.
846 4003 952 4071 Quodsi
963 4006 1114 4078 recipimus,

64 4077 121 4130 Nam
133 4080 252 4134 divesillc
264 4079 316 4150 jam
327 4075 559 4150 supplicinmtnlc-
605 4075 744 4148 legendum
769 4079 847 4148 dein,
865 4101 909 4134 nec
925 4084 959 4136 de
979 4087 1115 4141 dommo.

62 4166 108 4219 nl,
126 4177 170 4212 nce
187 4172 239 4212 crat
255 4167 385 4230 tepentes·
403 4154 558 4229 Accipienda
605 4157 1118 4236 Infameavero‚qnotintcrfures,quasi

62 4247 136 4289 antem
149 4239 196 4292 itta
206 4279 213 4304 ‚
225 4241 341 4310 quotiens
352 4234 457 4303 fimum
470 4253 558 4287 meum
607 4233 635 4287 in
644 4234 744 4288 civitate
757 4236 849 4288 mortui
864 4251 929 4290 snut.
944 4241 979 4292 Ut
988 4241 1074 4295 minua
1085 4245 1118 4297 ait

97 4321 100 4330 ¹
134 4330 160 4394 l.
175 4332 286 4395 Seneca
297 4351 367 4412 pora
380 4327 513 4390 seneida.
962 4335 1001 4392 30
