2866 4814
335 489 397 555 ιδῃ
470 565 473 572 ,
655 485 701 550 Μ.
729 481 873 550 ANNAEl
895 483 1073 568 SENEBAE

329 610 577 683 matrimonium
599 607 801 694 abdicandi3
826 631 871 676 an
896 607 1040 677 liherum
1065 607 1148 678 huic
1170 609 1293 693 fuerit,
1321 635 1383 680 uon

330 750 469 824 parcre,
485 747 588 818 Qum
605 725 762 817 jurasset.
779 727 850 792 lloc
866 724 901 792 iu
915 723 989 792 haec
1002 723 1117 794 divisit
1132 752 1139 792 :
1157 728 1211 794 hu
1224 749 1322 795 nemu
1330 729 1383 821 jo·

330 845 512 940 rejurandc
533 857 688 912 tencatur
703 847 728 926 ¹,
756 862 822 933 quo
837 865 901 934 per
918 845 1151 920 necessitatem
1163 843 1302 912 adaman
1313 862 1380 930 αις

330 963 384 1030 An
398 960 584 1052 expleverit
595 954 853 1051 jusjurandum,
873 957 1029 1028 ducendo
1050 959 1141 1028 illam
1161 981 1320 1046 uxorem
1336 961 1382 1028 dn

329 1077 467 1145 etiamsi
480 1097 550 1144 uon
563 1073 722 1167 explerit,
738 1095 805 1142 non
821 1089 976 1170 teneatur
989 1074 1167 1167 religione,
1185 1077 1246 1165 qui
1259 1091 1383 1142 coraus

173 1157 179 1182 Ι
238 1223 239 1228 ’
327 1192 459 1284 aliquid
472 1207 589 1263 contra
599 1189 835 1282 jusjurandum
851 1189 957 1257 lecit:
979 1189 1070 1258 huuc
1083 1206 1195 1270 autem
1210 1191 1383 1283 eogiaps·

327 1326 380 1379 tre
396 1332 498 1402 super
509 1306 743 1400 jusjurandum
766 1306 846 1373 lacit
863 1332 870 1372 :
887 1299 1058 1399 dn'pcsait
1080 1327 1200 1397 parere
1213 1308 1317 1399 patri.
1336 1309 1381 1374 dn

328 1424 461 1492 debeat.
479 1423 545 1490 Hic
558 1420 601 1488 dc
614 1423 744 1489 meritis
756 1420 877 1512 puellae
887 1435 921 1487 et
932 1421 1096 1488 nlurihua.
1316 1491 1320 1498 ,

376 1535 540 1610 COLOR.
559 1535 679 1606 Colore
693 1537 848 1604 hucuaus
858 1551 909 1603 est
918 1541 1027 1604 harae
1036 1559 1099 1630 pro
1112 1552 1210 1630 patre
1223 1536 1380 1606 :Puellam

327 1681 396 1726 non
410 1652 641 1723 misericordia
659 1667 805 1735 mcum,
829 1652 892 1720 sed
908 1651 1050 1720 libidine
1067 1680 1075 1720 ι
1092 1667 1126 1720 et
1143 1650 1222 1722 ideo
1237 1673 1305 1720 nou
1318 1673 1381 1719 etse

326 1768 542 1838 beneficium.
563 1769 603 1834 lu
619 1766 828 1859 argumentis
836 1765 1012 1858 eleganter
1022 1766 1111 1833 hauc
1123 1781 1257 1857 partem
1269 1778 1382 1832 tracu-

325 1887 376 1954 rit
390 1911 398 1952 :
414 1884 565 1954 &iamai
584 1881 787 1950 beneficium
805 1881 975 1964 dedisset,
992 1905 1062 1949 nun
1080 1905 1154 1950 ease
1172 1883 1223 1950 sic
1240 1882 1380 1950 aelem-
1411 1891 1413 1896 '

326 1997 404 2068 dam
419 1999 558 2092 gratiam
576 2023 583 2063 :
600 1991 940 2066 deinde'beneflctum
950 2017 1024 2064 esse
1038 1993 1269 2089 quodjudicio
1277 1993 1379 2074 detur,

256 2126 258 2132 ’
328 2139 397 2185 non
407 2165 418 2199 ,
436 2113 527 2206 quod
540 2113 676 2194 lurore,
697 2128 756 2181 aut
773 2113 890 2181 morbo
901 2117 929 2181 ¹.

375 2233 476 2299 litero
495 2207 656 2298 Romus
670 2229 738 2297 alio
748 2229 860 2298 colare
874 2227 980 2296 dixit:
996 2227 1094 2296 illam
1104 2249 1175 2296 uon
1190 2223 1382 2296 ammendo-

328 2347 502 2430 lescentis,
519 2345 579 2414 sed
597 2343 675 2414 odie
694 2347 799 2438 patria
819 2346 871 2413 aui
891 2360 1039 2414 secutam
1053 2367 1142 2413 eaeo.
1156 2339 1273 2412 Voluit
1286 2342 1381 2410 illeet

329 2464 452 2531 amoris
468 2460 793 2531 commendationem
811 2460 1004 2530 detrahere.

375 2582 484 2648 Burro
501 2580 602 2673 louge
618 2579 779 2648 accersitu
795 2577 908 2646 calore
925 2598 1006 2644 usus
1021 2591 1072 2644 est
1088 2601 1096 2644 ι
1115 2575 1224 2644 valuit
1239 2597 1312 2643 ean
1324 2595 1381 2640 ou·

327 2694 410 2764 here
427 2720 496 2765 uun
510 2697 618 2765 invite
634 2711 749 2789 patre,
770 2693 830 2764 sed
844 2707 974 2762 secreto
990 2691 1173 2776 suadente,
1195 2691 1303 2784 palam
1320 2688 1380 2756 dit·

329 2811 507 2879 simulante
520 2827 625 2878 totum
634 2808 701 2877 hoc
716 2823 865 2900 geatum3
881 2807 1013 2875 ratione
1023 2803 1080 2873 illa
1090 2801 1265 2874 honestam
1278 2801 1381 2872 condi·

330 2925 455 2991 tionem
468 2926 661 3018 nuptiarum
671 2923 855 3001 iuventam,
864 2946 968 3013 quum
978 2923 1045 2990 alio
1053 2919 1146 2990 nullo
1155 2923 1255 2992 modo
1266 2931 1379 3016 posect3

331 3062 443 3131 neque
451 3039 647 3114 enimaliter
656 3037 730 3108 illua
737 3037 1121 3132 effugerepotuisae,nisi
1128 3041 1378 3132 patientcpatre.

377 3151 444 3219 Sed
460 3150 572 3220 aiebat
585 3150 712 3235 Larao,
733 3177 802 3220 non
821 3175 893 3220 esse
908 3153 1012 3234 tanti,
1031 3152 1210 3221 detrahere
1229 3151 1280 3220 illi
1298 3169 1379 3218 com·

329 3262 576 3331 mendationem
588 3265 686 3334 soluti
698 3265 938 3345 adolescentia,
956 3281 994 3333 ut
1009 3263 1247 3337 detraheretur
1265 3257 1402 3346 invide

332 3379 440 3448 relicti
453 3381 560 3474 patris
572 3377 598 3447 ³.

327 3565 478 3600 commum
493 3546 604 3600 hahunt
621 3559 752 3620 parentum
766 3567 835 3617 quc-
919 3568 940 3598 o.
957 3547 1060 3600 Furore
1076 3559 1123 3600 out
1140 3551 1237 3602 morbu-
1249 3547 1378 3614 Fumpffl

330 3641 387 3676 rum
399 3623 426 3675 iu
437 3636 555 3697 potestate
568 3637 632 3676 sunt.
641 3645 654 3670 o
668 3623 763 3676 Schott.
884 3641 969 3678 amore
982 3623 1119 3678 furibundo
1133 3625 1298 3679 notissimum.
1309 3621 1379 3676 Mott-

368 3717 388 3751 ι.
398 3700 442 3751 Aa
451 3719 525 3754 nemo
532 3701 700 3764 iureiurando
713 3709 834 3752 oneatur.
884 3702 946 3753 deam
957 3715 1040 3753 autem
1048 3704 1127 3756 nostri
1135 3703 1377 3776 hiamautoppuuert

281 3811 284 3818 ι
331 3775 479 3830 Μ.ΤιιῙῙὶιιι
491 3775 835 3850 Ollic.lll:«Eststismjas
883 3779 1082 3834 consilichatro
1096 3781 1163 3834 idem
1173 3773 1377 3834 Contruavlllt

329 3849 835 3928 bellicum,hdesquejurisjarauditepe
885 3877 899 3902 «
915 3854 1028 3909 Malehat
1061 3859 1242 3912 adolescentem
1270 3853 1376 3928 iudicio,

328 3952 387 3986 eum
401 3931 470 3987 hoste
481 3933 613 3988 servanda.
624 3931 700 4004 Quod
714 3933 782 3988 euim
801 3935 847 3987 itas
883 3950 960 4004 quam
972 3933 1061 3987 morho
1074 3937 1191 3990 militare.
1205 3959 1219 3984 o
1231 3935 1327 3990 Schult.

326 4007 437 4081 juratum
449 4021 497 4076 est,
506 4023 534 4064 ut
547 4029 619 4064 meus
630 4009 763 4063 deserentis
774 4027 835 4062 ceo·
915 4009 939 4062 3.
954 4009 1060 4064 Invidia
1072 4015 1152 4067 relicti
1158 4017 1254 4081 patah.
1268 4013 1324 4079 Qus
1334 4024 1376 4060 ms·

326 4087 420 4159 ciperet
438 4086 494 4144 fieri
510 4101 639 4160 oportere,
653 4087 834 4142 iduhterrau·
880 4086 946 4140 xime
970 4088 1051 4162 premi
1076 4103 1150 4162 atque
1173 4092 1257 4163 urgeri
1285 4095 1375 4159 potest

330 4161 390 4216 dum
403 4175 438 4218 est
451 4182 457 4217 t
471 4166 539 4238 quud
553 4165 637 4232 aliter,
650 4163 675 4219 id
690 4166 712 4219 ti
726 4185 778 4218 oon
793 4167 834 4219 le·
881 4165 955 4221 'Adde
965 4167 1053 4231 etiam,
1068 4187 1124 4236 quae
1135 4169 1197 4222 dixit
1212 4168 1307 4222 Cestius
1320 4163 1370 4217 l’itu

329 4244 391 4295 teria
406 4245 504 4298 nullum
518 4245 656 4317 perjurium
669 4259 727 4299 cat.»
738 4245 833 4315 §druto
882 4245 979 4300 adluit.
991 4247 1112 4314 Conuer-
1124 4246 1221 4299 Sdrult.
