<?xml version="1.0" encoding="UTF-8"?>
<!DOCTYPE html PUBLIC "-//W3C//DTD XHTML 1.0 Transitional//EN"
    "http://www.w3.org/TR/xhtml1/DTD/xhtml1-transitional.dtd">
<html xmlns="http://www.w3.org/1999/xhtml" xml:lang="en" lang="en">
 <head>
  <title>
</title>
<meta http-equiv="Content-Type" content="text/html;charset=utf-8" />
  <meta name='ocr-system' content='tesseract 3.04.00' />
  <meta name='ocr-capabilities' content='ocr_page ocr_carea ocr_par ocr_line ocrx_word'/>
</head>
<body>
  <div class='ocr_page' id='page_1' title='image "./lannsenecparspr00bouigoog_0076.png"; bbox 0 0 2876 4804; ppageno 0'>
   <div class='ocr_carea' id='block_1_1' title="bbox 332 443 1088 526">
    <p class='ocr_par' dir='ltr' id='par_1_1' title="bbox 332 443 1088 526">
     <span class='ocr_line' id='line_1_1' title="bbox 332 443 1088 526; baseline -0.004 -7"><span class='ocrx_word' id='word_1_1' title='bbox 332 452 376 520; x_wconf 69' lang='lat'>62</span> <span class='ocrx_word' id='word_1_2' title='bbox 658 449 705 514; x_wconf 90' lang='grc' dir='ltr'>Μ.</span> <span class='ocrx_word' id='word_1_3' title='bbox 732 443 877 515; x_wconf 81' lang='lat' dir='ltr'><strong>ANNAEI</strong></span> <span class='ocrx_word' id='word_1_4' title='bbox 900 445 1088 526; x_wconf 69' lang='lat' dir='ltr'>SENECAE,</span> 
     </span>
    </p>
   </div>
   <div class='ocr_carea' id='block_1_2' title="bbox 245 569 1412 2886">
    <p class='ocr_par' dir='ltr' id='par_1_2' title="bbox 245 569 1412 2886">
     <span class='ocr_line' id='line_1_2' title="bbox 334 569 1412 666; baseline -0.004 -20"><span class='ocrx_word' id='word_1_5' title='bbox 334 574 454 646; x_wconf 87' lang='lat' dir='ltr'>modus</span> <span class='ocrx_word' id='word_1_6' title='bbox 468 572 586 643; x_wconf 83' lang='lat' dir='ltr'>deerat</span> <span class='ocrx_word' id='word_1_7' title='bbox 602 599 610 640; x_wconf 75' lang='grc' dir='ltr'>ι</span> <span class='ocrx_word' id='word_1_8' title='bbox 627 595 690 642; x_wconf 91' lang='lat' dir='ltr'>nec</span> <span class='ocrx_word' id='word_1_9' title='bbox 703 573 928 644; x_wconf 76' lang='lat' dir='ltr'>intermittere</span> <span class='ocrx_word' id='word_1_10' title='bbox 940 569 1053 640; x_wconf 87' lang='lat' dir='ltr'>studia</span> <span class='ocrx_word' id='word_1_11' title='bbox 1064 571 1210 653; x_wconf 89' lang='lat' dir='ltr'>sciebat,</span> <span class='ocrx_word' id='word_1_12' title='bbox 1228 593 1295 642; x_wconf 90' lang='lat' dir='ltr'>nec</span> <span class='ocrx_word' id='word_1_13' title='bbox 1308 595 1412 666; x_wconf 87' lang='lat' dir='ltr'>repe-</span> 
     </span>
     <span class='ocr_line' id='line_1_3' title="bbox 332 689 1412 787; baseline -0.006 -22"><span class='ocrx_word' id='word_1_14' title='bbox 332 714 419 765; x_wconf 86' lang='lat' dir='ltr'>tere.</span> <span class='ocrx_word' id='word_1_15' title='bbox 434 694 550 787; x_wconf 90' lang='lat' dir='ltr'>Quum</span> <span class='ocrx_word' id='word_1_16' title='bbox 579 714 615 759; x_wconf 91' lang='lat' dir='ltr'>se</span> <span class='ocrx_word' id='word_1_17' title='bbox 636 689 897 760; x_wconf 85' lang='lat' dir='ltr'>adscribendum</span> <span class='ocrx_word' id='word_1_18' title='bbox 916 690 1162 776; x_wconf 82' lang='lat' dir='ltr'>concitaverat,</span> <span class='ocrx_word' id='word_1_19' title='bbox 1176 689 1412 783; x_wconf 76' lang='lat' dir='ltr'>jungebantur</span> 
     </span>
     <span class='ocr_line' id='line_1_4' title="bbox 331 807 1406 901; baseline -0.006 -17"><span class='ocrx_word' id='word_1_20' title='bbox 331 812 489 884; x_wconf 90' lang='lat' dir='ltr'>noctibus</span> <span class='ocrx_word' id='word_1_21' title='bbox 506 809 580 878; x_wconf 91' lang='lat' dir='ltr'>dies</span> <span class='ocrx_word' id='word_1_22' title='bbox 600 823 661 878; x_wconf 86' lang='lat' dir='ltr'>:et</span> <span class='ocrx_word' id='word_1_23' title='bbox 678 808 752 877; x_wconf 88' lang='lat' dir='ltr'>sine</span> <span class='ocrx_word' id='word_1_24' title='bbox 772 807 952 878; x_wconf 83' lang='lat' dir='ltr'>intervallo</span> <span class='ocrx_word' id='word_1_25' title='bbox 984 808 1120 901; x_wconf 78' lang='lat' dir='ltr'>gravius</span> <span class='ocrx_word' id='word_1_26' title='bbox 1144 807 1211 880; x_wconf 86' lang='lat' dir='ltr'>sibi</span> <span class='ocrx_word' id='word_1_27' title='bbox 1238 809 1406 892; x_wconf 89' lang='lat' dir='ltr'>instabat,</span> 
     </span>
     <span class='ocr_line' id='line_1_5' title="bbox 330 922 1406 1016; baseline -0.005 -17"><span class='ocrx_word' id='word_1_28' title='bbox 330 952 395 998; x_wconf 91' lang='lat' dir='ltr'>nec</span> <span class='ocrx_word' id='word_1_29' title='bbox 408 925 604 1012; x_wconf 75' lang='lat' dir='ltr'>desinebat,</span> <span class='ocrx_word' id='word_1_30' title='bbox 621 925 689 993; x_wconf 89' lang='lat' dir='ltr'>nisi</span> <span class='ocrx_word' id='word_1_31' title='bbox 705 922 889 996; x_wconf 76' lang='lat' dir='ltr'>defecerat.</span> <span class='ocrx_word' id='word_1_32' title='bbox 902 925 1035 994; x_wconf 84' lang='lat' dir='ltr'>Rursus</span> <span class='ocrx_word' id='word_1_33' title='bbox 1046 947 1152 1016; x_wconf 90' lang='lat' dir='ltr'>quum</span> <span class='ocrx_word' id='word_1_34' title='bbox 1166 948 1203 994; x_wconf 90' lang='lat' dir='ltr'>se</span> <span class='ocrx_word' id='word_1_35' title='bbox 1214 922 1406 1008; x_wconf 74' lang='lat' dir='ltr'>dimiserat,</span> 
     </span>
     <span class='ocr_line' id='line_1_6' title="bbox 331 1040 1407 1136; baseline -0.006 -20"><span class='ocrx_word' id='word_1_36' title='bbox 331 1048 369 1116; x_wconf 93' lang='lat' dir='ltr'>in</span> <span class='ocrx_word' id='word_1_37' title='bbox 386 1066 503 1114; x_wconf 83' lang='lat' dir='ltr'>omnes</span> <span class='ocrx_word' id='word_1_38' title='bbox 522 1041 616 1112; x_wconf 90' lang='lat' dir='ltr'>lusus</span> <span class='ocrx_word' id='word_1_39' title='bbox 632 1055 666 1110; x_wconf 92' lang='lat' dir='ltr'>et</span> <span class='ocrx_word' id='word_1_40' title='bbox 688 1043 725 1110; x_wconf 94' lang='lat' dir='ltr'>in</span> <span class='ocrx_word' id='word_1_41' title='bbox 743 1064 859 1110; x_wconf 91' lang='lat' dir='ltr'>omnes</span> <span class='ocrx_word' id='word_1_42' title='bbox 879 1040 974 1134; x_wconf 86' lang='lat' dir='ltr'>jocos</span> <span class='ocrx_word' id='word_1_43' title='bbox 1000 1065 1037 1112; x_wconf 90' lang='lat' dir='ltr'>se</span> <span class='ocrx_word' id='word_1_44' title='bbox 1067 1042 1271 1112; x_wconf 80' lang='lat' dir='ltr'>resolvebat.</span> <span class='ocrx_word' id='word_1_45' title='bbox 1289 1043 1407 1136; x_wconf 84' lang='lat' dir='ltr'>Quum</span> 
     </span>
     <span class='ocr_line' id='line_1_7' title="bbox 245 1157 1409 1255; baseline -0.005 -21"><span class='ocrx_word' id='word_1_46' title='bbox 245 1189 247 1198; x_wconf 91' lang='lat'>·</span> <span class='ocrx_word' id='word_1_47' title='bbox 330 1185 412 1234; x_wconf 81' lang='lat' dir='ltr'>vero</span> <span class='ocrx_word' id='word_1_48' title='bbox 431 1184 468 1232; x_wconf 90' lang='lat' dir='ltr'>se</span> <span class='ocrx_word' id='word_1_49' title='bbox 495 1160 591 1230; x_wconf 84' lang='lat' dir='ltr'>silvis</span> <span class='ocrx_word' id='word_1_50' title='bbox 605 1158 845 1251; x_wconf 73' lang='lat' dir='ltr'>montibusque</span> <span class='ocrx_word' id='word_1_51' title='bbox 862 1157 1064 1242; x_wconf 84' lang='lat' dir='ltr'>tradiderat,</span> <span class='ocrx_word' id='word_1_52' title='bbox 1082 1183 1198 1228; x_wconf 87' lang='lat' dir='ltr'>omnes</span> <span class='ocrx_word' id='word_1_53' title='bbox 1215 1157 1292 1228; x_wconf 90' lang='lat' dir='ltr'>illos</span> <span class='ocrx_word' id='word_1_54' title='bbox 1305 1182 1409 1255; x_wconf 75' lang='lat' dir='ltr'>agre-</span> 
     </span>
     <span class='ocr_line' id='line_1_8' title="bbox 331 1274 1408 1370; baseline -0.004 -22"><span class='ocrx_word' id='word_1_55' title='bbox 331 1295 397 1348; x_wconf 87' lang='lat' dir='ltr'>stes</span> <span class='ocrx_word' id='word_1_56' title='bbox 416 1279 459 1347; x_wconf 86' lang='lat' dir='ltr'>in·</span> <span class='ocrx_word' id='word_1_57' title='bbox 472 1277 569 1347; x_wconf 78' lang='lat' dir='ltr'>silvis</span> <span class='ocrx_word' id='word_1_58' title='bbox 585 1299 627 1346; x_wconf 93' lang='lat' dir='ltr'>ac</span> <span class='ocrx_word' id='word_1_59' title='bbox 639 1275 813 1346; x_wconf 88' lang='lat' dir='ltr'>montibus</span> <span class='ocrx_word' id='word_1_60' title='bbox 830 1291 942 1358; x_wconf 88' lang='lat' dir='ltr'>natos,</span> <span class='ocrx_word' id='word_1_61' title='bbox 961 1274 1088 1346; x_wconf 87' lang='lat' dir='ltr'>laboris</span> <span class='ocrx_word' id='word_1_62' title='bbox 1106 1277 1270 1370; x_wconf 83' lang='lat' dir='ltr'>patientia</span> <span class='ocrx_word' id='word_1_63' title='bbox 1286 1299 1330 1343; x_wconf 90' lang='lat' dir='ltr'>ac</span> <span class='ocrx_word' id='word_1_64' title='bbox 1346 1299 1408 1344; x_wconf 80' lang='lat' dir='ltr'>ve-</span> 
     </span>
     <span class='ocr_line' id='line_1_9' title="bbox 330 1389 1408 1487; baseline -0.005 -21"><span class='ocrx_word' id='word_1_65' title='bbox 330 1393 441 1466; x_wconf 91' lang='lat' dir='ltr'>nandi</span> <span class='ocrx_word' id='word_1_66' title='bbox 454 1393 592 1464; x_wconf 76' lang='lat' dir='ltr'>solertia</span> <span class='ocrx_word' id='word_1_67' title='bbox 605 1391 812 1487; x_wconf 84' lang='lat' dir='ltr'>provocabat</span> <span class='ocrx_word' id='word_1_68' title='bbox 822 1419 830 1458; x_wconf 81' lang='lat' dir='ltr'>t</span> <span class='ocrx_word' id='word_1_69' title='bbox 840 1408 873 1462; x_wconf 93' lang='lat' dir='ltr'>et</span> <span class='ocrx_word' id='word_1_70' title='bbox 884 1393 921 1462; x_wconf 92' lang='lat' dir='ltr'>in</span> <span class='ocrx_word' id='word_1_71' title='bbox 938 1407 1064 1462; x_wconf 90' lang='lat' dir='ltr'>tantam</span> <span class='ocrx_word' id='word_1_72' title='bbox 1077 1393 1127 1462; x_wconf 88' lang='lat' dir='ltr'>sic</span> <span class='ocrx_word' id='word_1_73' title='bbox 1134 1389 1273 1460; x_wconf 77' lang='lat' dir='ltr'>vivendi</span> <span class='ocrx_word' id='word_1_74' title='bbox 1286 1413 1408 1484; x_wconf 80' lang='lat' dir='ltr'>perse·</span> 
     </span>
     <span class='ocr_line' id='line_1_10' title="bbox 330 1507 1406 1605; baseline -0.004 -23"><span class='ocrx_word' id='word_1_75' title='bbox 330 1528 429 1582; x_wconf 88' lang='lat' dir='ltr'>uerat</span> <span class='ocrx_word' id='word_1_76' title='bbox 441 1509 784 1605; x_wconf 84' lang='lat' dir='ltr'>cupiditatem‚utrix</span> <span class='ocrx_word' id='word_1_77' title='bbox 792 1525 905 1604; x_wconf 89' lang='lat' dir='ltr'>posset</span> <span class='ocrx_word' id='word_1_78' title='bbox 914 1507 959 1577; x_wconf 89' lang='lat' dir='ltr'>ad</span> <span class='ocrx_word' id='word_1_79' title='bbox 968 1509 1116 1604; x_wconf 79' lang='lat' dir='ltr'>priorem</span> <span class='ocrx_word' id='word_1_80' title='bbox 1127 1507 1406 1580; x_wconf 68' lang='lat' dir='ltr'>consuetudinem</span> 
     </span>
     <span class='ocr_line' id='line_1_11' title="bbox 333 1624 1402 1720; baseline -0.002 -22"><span class='ocrx_word' id='word_1_81' title='bbox 333 1628 476 1700; x_wconf 81' lang='lat' dir='ltr'>retrahi.</span> <span class='ocrx_word' id='word_1_82' title='bbox 492 1625 537 1696; x_wconf 81' lang='lat' dir='ltr'>At</span> <span class='ocrx_word' id='word_1_83' title='bbox 551 1651 655 1720; x_wconf 91' lang='lat' dir='ltr'>quum</span> <span class='ocrx_word' id='word_1_84' title='bbox 667 1626 734 1694; x_wconf 91' lang='lat' dir='ltr'>sibi</span> <span class='ocrx_word' id='word_1_85' title='bbox 746 1649 882 1694; x_wconf 88' lang='lat' dir='ltr'>manum</span> <span class='ocrx_word' id='word_1_86' title='bbox 895 1625 1071 1720; x_wconf 88' lang='lat' dir='ltr'>injecerat,</span> <span class='ocrx_word' id='word_1_87' title='bbox 1086 1643 1121 1696; x_wconf 89' lang='lat' dir='ltr'>st</span> <span class='ocrx_word' id='word_1_88' title='bbox 1133 1649 1169 1694; x_wconf 89' lang='lat' dir='ltr'>se</span> <span class='ocrx_word' id='word_1_89' title='bbox 1178 1624 1402 1713; x_wconf 91' lang='lat' dir='ltr'>blandiendo,</span> 
     </span>
     <span class='ocr_line' id='line_1_12' title="bbox 331 1741 1405 1830; baseline -0.003 -14"><span class='ocrx_word' id='word_1_90' title='bbox 331 1743 424 1816; x_wconf 91' lang='lat' dir='ltr'>unde</span> <span class='ocrx_word' id='word_1_91' title='bbox 440 1742 645 1830; x_wconf 83' lang='lat' dir='ltr'>abduxerat,</span> <span class='ocrx_word' id='word_1_92' title='bbox 664 1757 858 1826; x_wconf 79' lang='lat' dir='ltr'>revocarat,</span> <span class='ocrx_word' id='word_1_93' title='bbox 874 1742 976 1812; x_wconf 92' lang='lat' dir='ltr'>tantis</span> <span class='ocrx_word' id='word_1_94' title='bbox 989 1743 1121 1812; x_wconf 88' lang='lat' dir='ltr'>viribus</span> <span class='ocrx_word' id='word_1_95' title='bbox 1137 1741 1357 1812; x_wconf 83' lang='lat' dir='ltr'>incumbebat</span> <span class='ocrx_word' id='word_1_96' title='bbox 1368 1744 1405 1813; x_wconf 86' lang='lat' dir='ltr'>in</span> 
     </span>
     <span class='ocr_line' id='line_1_13' title="bbox 332 1858 1404 1954; baseline -0.002 -22"><span class='ocrx_word' id='word_1_97' title='bbox 332 1861 500 1944; x_wconf 89' lang='lat' dir='ltr'>studium,</span> <span class='ocrx_word' id='word_1_98' title='bbox 520 1876 559 1928; x_wconf 88' lang='lat' dir='ltr'>nt</span> <span class='ocrx_word' id='word_1_99' title='bbox 583 1883 652 1930; x_wconf 87' lang='lat' dir='ltr'>non</span> <span class='ocrx_word' id='word_1_100' title='bbox 670 1876 801 1928; x_wconf 90' lang='lat' dir='ltr'>tantum</span> <span class='ocrx_word' id='word_1_101' title='bbox 822 1858 911 1930; x_wconf 92' lang='lat' dir='ltr'>nibil</span> <span class='ocrx_word' id='word_1_102' title='bbox 934 1858 1144 1954; x_wconf 69' lang='lat' dir='ltr'>perdidisse,</span> <span class='ocrx_word' id='word_1_103' title='bbox 1172 1860 1231 1928; x_wconf 84' lang='lat' dir='ltr'>sed</span> <span class='ocrx_word' id='word_1_104' title='bbox 1258 1860 1404 1930; x_wconf 88' lang='lat' dir='ltr'>multum</span> 
     </span>
     <span class='ocr_line' id='line_1_14' title="bbox 330 1973 1401 2070; baseline -0.001 -24"><span class='ocrx_word' id='word_1_105' title='bbox 330 1977 550 2070; x_wconf 74' lang='lat' dir='ltr'>acquisivisse</span> <span class='ocrx_word' id='word_1_106' title='bbox 565 1973 697 2044; x_wconf 88' lang='lat' dir='ltr'>desidia</span> <span class='ocrx_word' id='word_1_107' title='bbox 710 1974 898 2044; x_wconf 89' lang='lat' dir='ltr'>videretur.</span> <span class='ocrx_word' id='word_1_108' title='bbox 911 1974 1080 2046; x_wconf 86' lang='lat' dir='ltr'>Omnibus</span> <span class='ocrx_word' id='word_1_109' title='bbox 1092 1974 1231 2068; x_wconf 89' lang='lat' dir='ltr'>quidem</span> <span class='ocrx_word' id='word_1_110' title='bbox 1245 1975 1401 2069; x_wconf 84' lang='lat' dir='ltr'>prodest,</span> 
     </span>
     <span class='ocr_line' id='line_1_15' title="bbox 331 2093 1403 2187; baseline -0.001 -22"><span class='ocrx_word' id='word_1_111' title='bbox 331 2093 476 2165; x_wconf 89' lang='lat' dir='ltr'>subinde</span> <span class='ocrx_word' id='word_1_112' title='bbox 494 2093 644 2162; x_wconf 85' lang='lat' dir='ltr'>animum</span> <span class='ocrx_word' id='word_1_113' title='bbox 663 2093 828 2161; x_wconf 84' lang='lat' dir='ltr'>relaxare.</span> <span class='ocrx_word' id='word_1_114' title='bbox 844 2093 1019 2164; x_wconf 80' lang='lat' dir='ltr'>Excitatus</span> <span class='ocrx_word' id='word_1_115' title='bbox 1034 2095 1124 2162; x_wconf 88' lang='lat' dir='ltr'>enim</span> <span class='ocrx_word' id='word_1_116' title='bbox 1139 2095 1209 2162; x_wconf 92' lang='lat' dir='ltr'>otio</span> <span class='ocrx_word' id='word_1_117' title='bbox 1222 2094 1324 2187; x_wconf 81' lang='lat' dir='ltr'>vigor</span> <span class='ocrx_word' id='word_1_118' title='bbox 1340 2121 1347 2161; x_wconf 93' lang='lat'><strong>:</strong></span> <span class='ocrx_word' id='word_1_119' title='bbox 1368 2110 1403 2164; x_wconf 91' lang='lat' dir='ltr'>ct</span> 
     </span>
     <span class='ocr_line' id='line_1_16' title="bbox 332 2200 1402 2300; baseline 0 -24"><span class='ocrx_word' id='word_1_120' title='bbox 332 2207 442 2276; x_wconf 90' lang='lat' dir='ltr'>omnis</span> <span class='ocrx_word' id='word_1_121' title='bbox 453 2200 608 2288; x_wconf 84' lang='lat' dir='ltr'>tristitie,</span> <span class='ocrx_word' id='word_1_122' title='bbox 625 2227 701 2297; x_wconf 82' lang='lat' dir='ltr'>qnae</span> <span class='ocrx_word' id='word_1_123' title='bbox 713 2205 967 2274; x_wconf 90' lang='lat' dir='ltr'>continuatione</span> <span class='ocrx_word' id='word_1_124' title='bbox 979 2207 1163 2300; x_wconf 88' lang='lat' dir='ltr'>pertinacis</span> <span class='ocrx_word' id='word_1_125' title='bbox 1178 2206 1282 2276; x_wconf 89' lang='lat' dir='ltr'>studii</span> <span class='ocrx_word' id='word_1_126' title='bbox 1295 2207 1402 2278; x_wconf 84' lang='lat' dir='ltr'>addu-</span> 
     </span>
     <span class='ocr_line' id='line_1_17' title="bbox 331 2321 1402 2412; baseline 0 -16"><span class='ocrx_word' id='word_1_127' title='bbox 331 2329 434 2412; x_wconf 85' lang='lat' dir='ltr'>citur,</span> <span class='ocrx_word' id='word_1_128' title='bbox 454 2324 614 2396; x_wconf 84' lang='lat' dir='ltr'>feriarum</span> <span class='ocrx_word' id='word_1_129' title='bbox 637 2321 818 2394; x_wconf 77' lang='lat' dir='ltr'>hilaritate</span> <span class='ocrx_word' id='word_1_130' title='bbox 832 2322 1024 2394; x_wconf 89' lang='lat' dir='ltr'>discutitur.</span> <span class='ocrx_word' id='word_1_131' title='bbox 1047 2323 1141 2394; x_wconf 89' lang='lat' dir='ltr'>Nulli</span> <span class='ocrx_word' id='word_1_132' title='bbox 1157 2340 1268 2394; x_wconf 88' lang='lat' dir='ltr'>tamen</span> <span class='ocrx_word' id='word_1_133' title='bbox 1291 2329 1402 2396; x_wconf 88' lang='lat' dir='ltr'>inter-</span> 
     </span>
     <span class='ocr_line' id='line_1_18' title="bbox 330 2440 1398 2535; baseline -0.002 -23"><span class='ocrx_word' id='word_1_134' title='bbox 330 2442 445 2512; x_wconf 90' lang='lat' dir='ltr'>missio</span> <span class='ocrx_word' id='word_1_135' title='bbox 456 2440 665 2510; x_wconf 78' lang='lat' dir='ltr'>manifestius</span> <span class='ocrx_word' id='word_1_136' title='bbox 675 2440 847 2535; x_wconf 88' lang='lat' dir='ltr'>proderat.</span> <span class='ocrx_word' id='word_1_137' title='bbox 858 2441 1002 2534; x_wconf 85' lang='lat' dir='ltr'>Quoties</span> <span class='ocrx_word' id='word_1_138' title='bbox 1011 2465 1052 2510; x_wconf 88' lang='lat' dir='ltr'>ex</span> <span class='ocrx_word' id='word_1_139' title='bbox 1061 2442 1239 2511; x_wconf 86' lang='lat' dir='ltr'>intervallo</span> <span class='ocrx_word' id='word_1_140' title='bbox 1252 2441 1398 2526; x_wconf 83' lang='lat' dir='ltr'>dixerut,</span> 
     </span>
     <span class='ocr_line' id='line_1_19' title="bbox 330 2557 1401 2651; baseline 0 -23"><span class='ocrx_word' id='word_1_141' title='bbox 330 2558 435 2628; x_wconf 90' lang='lat' dir='ltr'>multo</span> <span class='ocrx_word' id='word_1_142' title='bbox 452 2558 565 2626; x_wconf 89' lang='lat' dir='ltr'>acrius</span> <span class='ocrx_word' id='word_1_143' title='bbox 589 2557 840 2651; x_wconf 84' lang='lat' dir='ltr'>violentiusque</span> <span class='ocrx_word' id='word_1_144' title='bbox 866 2557 1014 2628; x_wconf 90' lang='lat' dir='ltr'>dicebat.</span> <span class='ocrx_word' id='word_1_145' title='bbox 1034 2558 1316 2629; x_wconf 82' lang='lat' dir='ltr'>Exultsbatenim</span> <span class='ocrx_word' id='word_1_146' title='bbox 1336 2583 1401 2628; x_wconf 93' lang='lat' dir='ltr'>no-</span> 
     </span>
     <span class='ocr_line' id='line_1_20' title="bbox 329 2673 1397 2770; baseline 0 -26"><span class='ocrx_word' id='word_1_147' title='bbox 329 2693 407 2746; x_wconf 82' lang='lat' dir='ltr'>vato</span> <span class='ocrx_word' id='word_1_148' title='bbox 433 2691 467 2744; x_wconf 93' lang='lat' dir='ltr'>et</span> <span class='ocrx_word' id='word_1_149' title='bbox 493 2676 664 2770; x_wconf 79' lang='lat' dir='ltr'>integrato</span> <span class='ocrx_word' id='word_1_150' title='bbox 686 2673 836 2742; x_wconf 84' lang='lat' dir='ltr'>robore:</span> <span class='ocrx_word' id='word_1_151' title='bbox 857 2689 892 2743; x_wconf 93' lang='lat' dir='ltr'>et</span> <span class='ocrx_word' id='word_1_152' title='bbox 908 2690 1037 2743; x_wconf 87' lang='lat' dir='ltr'>tanturn</span> <span class='ocrx_word' id='word_1_153' title='bbox 1059 2697 1080 2742; x_wconf 88' lang='lat' dir='ltr'>a</span> <span class='ocrx_word' id='word_1_154' title='bbox 1107 2699 1143 2744; x_wconf 89' lang='lat' dir='ltr'>sc</span> <span class='ocrx_word' id='word_1_155' title='bbox 1160 2675 1397 2770; x_wconf 85' lang='lat' dir='ltr'>exprimebat,</span> 
     </span>
     <span class='ocr_line' id='line_1_21' title="bbox 330 2789 1399 2886; baseline 0.002 -26"><span class='ocrx_word' id='word_1_156' title='bbox 330 2808 493 2885; x_wconf 85' lang='lat' dir='ltr'>quantum</span> <span class='ocrx_word' id='word_1_157' title='bbox 508 2791 741 2883; x_wconf 88' lang='lat' dir='ltr'>concupierat.</span> <span class='ocrx_word' id='word_1_158' title='bbox 757 2789 938 2860; x_wconf 85' lang='lat' dir='ltr'>Nesciebat</span> <span class='ocrx_word' id='word_1_159' title='bbox 957 2790 1154 2886; x_wconf 85' lang='lat' dir='ltr'>dispensare</span> <span class='ocrx_word' id='word_1_160' title='bbox 1171 2793 1262 2862; x_wconf 82' lang='lat' dir='ltr'>vires</span> <span class='ocrx_word' id='word_1_161' title='bbox 1282 2797 1292 2830; x_wconf 85' lang='lat'>¹</span> <span class='ocrx_word' id='word_1_162' title='bbox 1308 2817 1399 2874; x_wconf 87' lang='lat' dir='ltr'>suas,</span> 
     </span>
    </p>
   </div>
   <div class='ocr_carea' id='block_1_3' title="bbox 327 2905 1401 3470">
    <p class='ocr_par' dir='ltr' id='par_1_3' title="bbox 327 2905 1401 3470">
     <span class='ocr_line' id='line_1_22' title="bbox 329 2905 1401 3003; baseline 0.002 -25"><span class='ocrx_word' id='word_1_163' title='bbox 329 2910 390 2978; x_wconf 86' lang='lat' dir='ltr'>sed</span> <span class='ocrx_word' id='word_1_164' title='bbox 409 2905 623 2978; x_wconf 89' lang='lat' dir='ltr'>immoderati</span> <span class='ocrx_word' id='word_1_165' title='bbox 642 2906 820 2975; x_wconf 78' lang='lat' dir='ltr'>adversum</span> <span class='ocrx_word' id='word_1_166' title='bbox 838 2931 874 2976; x_wconf 89' lang='lat' dir='ltr'>se</span> <span class='ocrx_word' id='word_1_167' title='bbox 893 2909 1028 3003; x_wconf 90' lang='lat' dir='ltr'>imperii</span> <span class='ocrx_word' id='word_1_168' title='bbox 1055 2909 1131 2977; x_wconf 87' lang='lat' dir='ltr'>fuit.</span> <span class='ocrx_word' id='word_1_169' title='bbox 1153 2908 1304 3002; x_wconf 87' lang='lat' dir='ltr'>Ideoque</span> <span class='ocrx_word' id='word_1_170' title='bbox 1320 2927 1401 2980; x_wconf 90' lang='lat' dir='ltr'>stu-</span> 
     </span>
     <span class='ocr_line' id='line_1_23' title="bbox 329 3011 1400 3122; baseline 0.005 -28"><span class='ocrx_word' id='word_1_171' title='bbox 329 3025 423 3094; x_wconf 89' lang='lat' dir='ltr'>dium</span> <span class='ocrx_word' id='word_1_172' title='bbox 442 3025 516 3117; x_wconf 87' lang='lat' dir='ltr'>ejus</span> <span class='ocrx_word' id='word_1_173' title='bbox 528 3023 705 3122; x_wconf 90' lang='lat' dir='ltr'>prohiberi</span> <span class='ocrx_word' id='word_1_174' title='bbox 721 3023 882 3111; x_wconf 82' lang='lat' dir='ltr'>debebat,</span> <span class='ocrx_word' id='word_1_175' title='bbox 900 3028 982 3118; x_wconf 87' lang='lat' dir='ltr'>quia</span> <span class='ocrx_word' id='word_1_176' title='bbox 994 3027 1068 3118; x_wconf 80' lang='lat' dir='ltr'>regi</span> <span class='ocrx_word' id='word_1_177' title='bbox 1083 3051 1152 3096; x_wconf 91' lang='lat' dir='ltr'>non</span> <span class='ocrx_word' id='word_1_178' title='bbox 1166 3011 1312 3122; x_wconf 85' lang='lat' dir='ltr'>poterat.</span> <span class='ocrx_word' id='word_1_179' title='bbox 1329 3029 1400 3100; x_wconf 84' lang='lat' dir='ltr'>Its-</span> 
     </span>
     <span class='ocr_line' id='line_1_24' title="bbox 328 3140 1399 3238; baseline 0.007 -28"><span class='ocrx_word' id='word_1_180' title='bbox 328 3165 396 3236; x_wconf 87' lang='lat' dir='ltr'>que</span> <span class='ocrx_word' id='word_1_181' title='bbox 414 3140 542 3213; x_wconf 84' lang='lat' dir='ltr'>solebat</span> <span class='ocrx_word' id='word_1_182' title='bbox 559 3143 702 3237; x_wconf 87' lang='lat' dir='ltr'>etipse,</span> <span class='ocrx_word' id='word_1_183' title='bbox 724 3165 830 3234; x_wconf 86' lang='lat' dir='ltr'>quum</span> <span class='ocrx_word' id='word_1_184' title='bbox 847 3167 883 3212; x_wconf 88' lang='lat' dir='ltr'>se</span> <span class='ocrx_word' id='word_1_185' title='bbox 898 3142 1033 3213; x_wconf 88' lang='lat' dir='ltr'>assidua</span> <span class='ocrx_word' id='word_1_186' title='bbox 1047 3159 1081 3214; x_wconf 90' lang='lat' dir='ltr'>et</span> <span class='ocrx_word' id='word_1_187' title='bbox 1097 3169 1272 3238; x_wconf 89' lang='lat' dir='ltr'>nunquam</span> <span class='ocrx_word' id='word_1_188' title='bbox 1292 3146 1399 3217; x_wconf 86' lang='lat' dir='ltr'>inter·</span> 
     </span>
     <span class='ocr_line' id='line_1_25' title="bbox 329 3258 1396 3356; baseline 0.003 -27"><span class='ocrx_word' id='word_1_189' title='bbox 329 3259 428 3330; x_wconf 87' lang='lat' dir='ltr'>missa</span> <span class='ocrx_word' id='word_1_190' title='bbox 442 3260 661 3328; x_wconf 88' lang='lat' dir='ltr'>contentione</span> <span class='ocrx_word' id='word_1_191' title='bbox 674 3258 841 3352; x_wconf 78' lang='lat' dir='ltr'>fregerat,</span> <span class='ocrx_word' id='word_1_192' title='bbox 856 3262 983 3330; x_wconf 86' lang='lat' dir='ltr'>sentire</span> <span class='ocrx_word' id='word_1_193' title='bbox 996 3263 1128 3356; x_wconf 75' lang='lat' dir='ltr'>ingenii</span> <span class='ocrx_word' id='word_1_194' title='bbox 1142 3261 1396 3332; x_wconf 86' lang='lat' dir='ltr'>lassitudinem:</span> 
     </span>
     <span class='ocr_line' id='line_1_26' title="bbox 327 3373 1400 3470; baseline 0.003 -29"><span class='ocrx_word' id='word_1_195' title='bbox 327 3396 403 3468; x_wconf 86' lang='lat' dir='ltr'>quse</span> <span class='ocrx_word' id='word_1_196' title='bbox 414 3397 482 3442; x_wconf 93' lang='lat' dir='ltr'>non</span> <span class='ocrx_word' id='word_1_197' title='bbox 500 3373 612 3442; x_wconf 90' lang='lat' dir='ltr'>minor</span> <span class='ocrx_word' id='word_1_198' title='bbox 626 3387 677 3442; x_wconf 88' lang='lat' dir='ltr'>est</span> <span class='ocrx_word' id='word_1_199' title='bbox 691 3395 792 3465; x_wconf 88' lang='lat' dir='ltr'>quam</span> <span class='ocrx_word' id='word_1_200' title='bbox 806 3375 977 3468; x_wconf 90' lang='lat' dir='ltr'>corporis,</span> <span class='ocrx_word' id='word_1_201' title='bbox 998 3374 1057 3446; x_wconf 86' lang='lat' dir='ltr'>sed</span> <span class='ocrx_word' id='word_1_202' title='bbox 1072 3377 1247 3446; x_wconf 88' lang='lat' dir='ltr'>occultior.</span> <span class='ocrx_word' id='word_1_203' title='bbox 1264 3379 1400 3470; x_wconf 86' lang='lat' dir='ltr'>Corpus</span> 
     </span>
    </p>
   </div>
   <div class='ocr_carea' id='block_1_4' title="bbox 325 3565 1402 4278">
    <p class='ocr_par' dir='ltr' id='par_1_4' title="bbox 325 3565 1398 3800">
     <span class='ocr_line' id='line_1_27' title="bbox 325 3565 1396 3646; baseline 0.005 -25"><span class='ocrx_word' id='word_1_204' title='bbox 325 3565 386 3621; x_wconf 81' lang='lat' dir='ltr'>cleri</span> <span class='ocrx_word' id='word_1_205' title='bbox 406 3565 532 3632; x_wconf 88' lang='lat' dir='ltr'>nominis,</span> <span class='ocrx_word' id='word_1_206' title='bbox 548 3567 631 3637; x_wconf 84' lang='lat' dir='ltr'>inquit</span> <span class='ocrx_word' id='word_1_207' title='bbox 643 3567 834 3637; x_wconf 81' lang='lat' dir='ltr'>Quintilianus,</span> <span class='ocrx_word' id='word_1_208' title='bbox 885 3583 972 3624; x_wconf 86' lang='lat' dir='ltr'>nostro</span> <span class='ocrx_word' id='word_1_209' title='bbox 992 3584 1093 3626; x_wconf 77' lang='lat' dir='ltr'>sertore</span> <span class='ocrx_word' id='word_1_210' title='bbox 1116 3571 1221 3626; x_wconf 73' lang='lat' dir='ltr'>audivit.</span> <span class='ocrx_word' id='word_1_211' title='bbox 1243 3571 1306 3646; x_wconf 73' lang='lat' dir='ltr'>Eius</span> <span class='ocrx_word' id='word_1_212' title='bbox 1328 3591 1396 3626; x_wconf 81' lang='lat' dir='ltr'>mors</span> 
     </span>
     <span class='ocr_line' id='line_1_28' title="bbox 327 3643 1398 3726; baseline 0.007 -30"><span class='ocrx_word' id='word_1_213' title='bbox 327 3643 459 3720; x_wconf 80' lang='lat' dir='ltr'>professor,</span> <span class='ocrx_word' id='word_1_214' title='bbox 473 3643 524 3708; x_wconf 83' lang='lat' dir='ltr'>rel,</span> <span class='ocrx_word' id='word_1_215' title='bbox 541 3655 569 3695; x_wconf 91' lang='lat' dir='ltr'>nt</span> <span class='ocrx_word' id='word_1_216' title='bbox 579 3643 614 3697; x_wconf 89' lang='lat' dir='ltr'>sit</span> <span class='ocrx_word' id='word_1_217' title='bbox 623 3643 741 3708; x_wconf 84' lang='lat' dir='ltr'>Plinius,</span> <span class='ocrx_word' id='word_1_218' title='bbox 755 3645 837 3698; x_wconf 80' lang='lat' dir='ltr'>clarus</span> <span class='ocrx_word' id='word_1_219' title='bbox 886 3649 998 3704; x_wconf 72' lang='lat' dir='ltr'>exstasin</span> <span class='ocrx_word' id='word_1_220' title='bbox 1007 3649 1398 3726; x_wconf 71' lang='lat' dir='ltr'>EusebiiGltronieostlymp.</span> 
     </span>
     <span class='ocr_line' id='line_1_29' title="bbox 326 3721 1102 3800; baseline 0 -24"><span class='ocrx_word' id='word_1_221' title='bbox 326 3725 392 3778; x_wconf 87' lang='lat' dir='ltr'>inter</span> <span class='ocrx_word' id='word_1_222' title='bbox 404 3721 507 3778; x_wconf 85' lang='lat' dir='ltr'>dicendi</span> <span class='ocrx_word' id='word_1_223' title='bbox 518 3722 660 3795; x_wconf 76' lang='lat' dir='ltr'>magistros,</span> <span class='ocrx_word' id='word_1_224' title='bbox 674 3722 769 3790; x_wconf 77' lang='lat' dir='ltr'>judicio</span> <span class='ocrx_word' id='word_1_225' title='bbox 782 3741 835 3774; x_wconf 83' lang='lat' dir='ltr'>no·</span> <span class='ocrx_word' id='word_1_226' title='bbox 889 3728 943 3800; x_wconf 68' lang='lat'>¹94«</span> <span class='ocrx_word' id='word_1_227' title='bbox 955 3727 992 3780; x_wconf 87' lang='lat' dir='ltr'>N.</span> <span class='ocrx_word' id='word_1_228' title='bbox 1005 3725 1102 3782; x_wconf 69' lang='lat' dir='ltr'>Faber.</span> 
     </span>
    </p>

    <p class='ocr_par' dir='ltr' id='par_1_5' title="bbox 326 3800 1402 4278">
     <span class='ocr_line' id='line_1_30' title="bbox 326 3800 1398 3878; baseline 0.005 -23"><span class='ocrx_word' id='word_1_229' title='bbox 326 3800 371 3855; x_wconf 88' lang='lat' dir='ltr'>stri</span> <span class='ocrx_word' id='word_1_230' title='bbox 387 3801 492 3856; x_wconf 68' lang='lat' dir='ltr'>Seneca</span> <span class='ocrx_word' id='word_1_231' title='bbox 506 3813 543 3854; x_wconf 89' lang='lat' dir='ltr'>tot</span> <span class='ocrx_word' id='word_1_232' title='bbox 556 3800 664 3874; x_wconf 73' lang='lat' dir='ltr'>egregiis</span> <span class='ocrx_word' id='word_1_233' title='bbox 677 3800 837 3854; x_wconf 75' lang='lat' dir='ltr'>declamato-</span> <span class='ocrx_word' id='word_1_234' title='bbox 924 3825 945 3858; x_wconf 88' lang='lat' dir='ltr'>s.</span> <span class='ocrx_word' id='word_1_235' title='bbox 961 3803 1126 3878; x_wconf 80' lang='lat' dir='ltr'>Dispenscre</span> <span class='ocrx_word' id='word_1_236' title='bbox 1142 3810 1219 3862; x_wconf 77' lang='lat' dir='ltr'>vires.</span> <span class='ocrx_word' id='word_1_237' title='bbox 1239 3807 1269 3861; x_wconf 88' lang='lat' dir='ltr'>ld</span> <span class='ocrx_word' id='word_1_238' title='bbox 1287 3821 1340 3872; x_wconf 85' lang='lat' dir='ltr'>est,</span> <span class='ocrx_word' id='word_1_239' title='bbox 1357 3828 1398 3861; x_wconf 83' lang='lat' dir='ltr'>ess</span> 
     </span>
     <span class='ocr_line' id='line_1_31' title="bbox 327 3879 1399 3960; baseline 0.007 -27"><span class='ocrx_word' id='word_1_240' title='bbox 327 3880 406 3944; x_wconf 89' lang='lat' dir='ltr'>ribus,</span> <span class='ocrx_word' id='word_1_241' title='bbox 415 3880 459 3951; x_wconf 86' lang='lat' dir='ltr'>qni</span> <span class='ocrx_word' id='word_1_242' title='bbox 468 3879 604 3934; x_wconf 71' lang='lat' dir='ltr'>loenndnm</span> <span class='ocrx_word' id='word_1_243' title='bbox 612 3879 839 3954; x_wconf 70' lang='lat' dir='ltr'>ingeniisAngnsti</span> <span class='ocrx_word' id='word_1_244' title='bbox 889 3885 1033 3948; x_wconf 81' lang='lat' dir='ltr'>modereri,</span> <span class='ocrx_word' id='word_1_245' title='bbox 1053 3887 1146 3942; x_wconf 85' lang='lat' dir='ltr'>nimius</span> <span class='ocrx_word' id='word_1_246' title='bbox 1168 3885 1270 3940; x_wconf 78' lang='lat' dir='ltr'>illerum</span> <span class='ocrx_word' id='word_1_247' title='bbox 1292 3886 1399 3960; x_wconf 84' lang='lat' dir='ltr'>impetus</span> 
     </span>
     <span class='ocr_line' id='line_1_32' title="bbox 330 3956 1402 4037; baseline 0.005 -25"><span class='ocrx_word' id='word_1_248' title='bbox 330 3957 451 4014; x_wconf 75' lang='lat' dir='ltr'>seculum</span> <span class='ocrx_word' id='word_1_249' title='bbox 468 3956 636 4022; x_wconf 78' lang='lat' dir='ltr'>illustrarunt,</span> <span class='ocrx_word' id='word_1_250' title='bbox 650 3957 759 4032; x_wconf 73' lang='lat' dir='ltr'>gloriam</span> <span class='ocrx_word' id='word_1_251' title='bbox 770 3976 840 4028; x_wconf 75' lang='lat' dir='ltr'>pre-</span> <span class='ocrx_word' id='word_1_252' title='bbox 889 3961 1015 4016; x_wconf 86' lang='lat' dir='ltr'>cohibere.</span> <span class='ocrx_word' id='word_1_253' title='bbox 1025 3965 1056 4018; x_wconf 85' lang='lat'>1..</span> <span class='ocrx_word' id='word_1_254' title='bbox 1065 3965 1156 4018; x_wconf 82' lang='lat' dir='ltr'>Senec-</span> <span class='ocrx_word' id='word_1_255' title='bbox 1164 3963 1193 4016; x_wconf 89' lang='lat' dir='ltr'>in</span> <span class='ocrx_word' id='word_1_256' title='bbox 1202 3965 1249 4037; x_wconf 81' lang='lat' dir='ltr'>Ep.</span> <span class='ocrx_word' id='word_1_257' title='bbox 1256 3965 1402 4018; x_wconf 83' lang='lat' dir='ltr'>88:«&#39;l&#39;ern·</span> 
     </span>
     <span class='ocr_line' id='line_1_33' title="bbox 330 4035 1399 4116; baseline 0.007 -27"><span class='ocrx_word' id='word_1_258' title='bbox 330 4037 414 4109; x_wconf 84' lang='lat' dir='ltr'>ripuit.</span> <span class='ocrx_word' id='word_1_259' title='bbox 424 4036 604 4090; x_wconf 74' lang='lat' dir='ltr'>Volaterranos</span> <span class='ocrx_word' id='word_1_260' title='bbox 614 4035 747 4111; x_wconf 74' lang='lat' dir='ltr'>eujusdam</span> <span class='ocrx_word' id='word_1_261' title='bbox 758 4036 841 4090; x_wconf 80' lang='lat' dir='ltr'>Maxi·</span> <span class='ocrx_word' id='word_1_262' title='bbox 889 4039 1002 4110; x_wconf 77' lang='lat' dir='ltr'>pereatis</span> <span class='ocrx_word' id='word_1_263' title='bbox 1017 4041 1185 4115; x_wconf 76' lang='lat' dir='ltr'>voluptatibus</span> <span class='ocrx_word' id='word_1_264' title='bbox 1200 4042 1322 4116; x_wconf 78' lang='lat' dir='ltr'>imperat,</span> <span class='ocrx_word' id='word_1_265' title='bbox 1340 4041 1399 4096; x_wconf 78' lang='lat' dir='ltr'>alies</span> 
     </span>
     <span class='ocr_line' id='line_1_34' title="bbox 329 4115 1400 4194; baseline 0.007 -26"><span class='ocrx_word' id='word_1_266' title='bbox 329 4117 365 4168; x_wconf 83' lang='lat' dir='ltr'>mi</span> <span class='ocrx_word' id='word_1_267' title='bbox 381 4115 532 4190; x_wconf 85' lang='lat' dir='ltr'>discipulum</span> <span class='ocrx_word' id='word_1_268' title='bbox 545 4117 620 4180; x_wconf 82' lang='lat' dir='ltr'>lacit,</span> <span class='ocrx_word' id='word_1_269' title='bbox 631 4135 720 4170; x_wconf 85' lang='lat' dir='ltr'>vereor</span> <span class='ocrx_word' id='word_1_270' title='bbox 732 4138 765 4170; x_wconf 91' lang='lat' dir='ltr'>ne</span> <span class='ocrx_word' id='word_1_271' title='bbox 777 4117 840 4170; x_wconf 83' lang='lat' dir='ltr'>Ms-</span> <span class='ocrx_word' id='word_1_272' title='bbox 889 4115 944 4171; x_wconf 89' lang='lat' dir='ltr'>odit</span> <span class='ocrx_word' id='word_1_273' title='bbox 953 4132 1027 4191; x_wconf 81' lang='lat' dir='ltr'>etque</span> <span class='ocrx_word' id='word_1_274' title='bbox 1043 4117 1137 4194; x_wconf 71' lang='lat' dir='ltr'>abigit,</span> <span class='ocrx_word' id='word_1_275' title='bbox 1154 4120 1214 4174; x_wconf 75' lang='lat' dir='ltr'>aliu</span> <span class='ocrx_word' id='word_1_276' title='bbox 1233 4119 1361 4194; x_wconf 76' lang='lat' dir='ltr'>dispenset</span> <span class='ocrx_word' id='word_1_277' title='bbox 1376 4135 1400 4176; x_wconf 81' lang='lat' dir='ltr'>st</span> 
     </span>
     <span class='ocr_line' id='line_1_35' title="bbox 329 4191 1399 4278; baseline 0.009 -35"><span class='ocrx_word' id='word_1_278' title='bbox 329 4191 426 4246; x_wconf 79' lang='lat' dir='ltr'>tillium</span> <span class='ocrx_word' id='word_1_279' title='bbox 443 4191 526 4247; x_wconf 84' lang='lat' dir='ltr'>dicere</span> <span class='ocrx_word' id='word_1_280' title='bbox 545 4193 665 4258; x_wconf 81' lang='lat' dir='ltr'>soluerit,</span> <span class='ocrx_word' id='word_1_281' title='bbox 687 4215 763 4267; x_wconf 86' lang='lat' dir='ltr'>quero</span> <span class='ocrx_word' id='word_1_282' title='bbox 779 4215 838 4250; x_wconf 83' lang='lat' dir='ltr'>eunt</span> <span class='ocrx_word' id='word_1_283' title='bbox 888 4197 920 4248; x_wconf 84' lang='lat' dir='ltr'>sd</span> <span class='ocrx_word' id='word_1_284' title='bbox 931 4217 1021 4250; x_wconf 80' lang='lat' dir='ltr'>sanum</span> <span class='ocrx_word' id='word_1_285' title='bbox 1032 4193 1135 4252; x_wconf 80' lang='lat' dir='ltr'>modum</span> <span class='ocrx_word' id='word_1_286' title='bbox 1149 4198 1267 4278; x_wconf 66' lang='lat' dir='ltr'>redigit.»</span> <span class='ocrx_word' id='word_1_287' title='bbox 1279 4199 1399 4271; x_wconf 74' lang='lat' dir='ltr'>Dispen—</span> 
     </span>
    </p>
   </div>
   <div class='ocr_carea' id='block_1_5' title="bbox 0 0 1442 4804">
    <p class='ocr_par' dir='ltr' id='par_1_6' title="bbox 0 0 1442 4804">
     <span class='ocr_line' id='line_1_36' title="bbox 0 0 1442 4804; baseline 0 2"><span class='ocrx_word' id='word_1_288' title='bbox 0 0 1442 4804; x_wconf 95' lang='lat' dir='ltr'> </span> 
     </span>
    </p>
   </div>
  </div>
 </body>
</html>
