2874 4796
295 407 361 476 526
515 472 520 484 ,
614 407 662 472 Μ.
687 404 831 474 Attrtfl
854 405 1035 474 sattEcAE

292 535 453 632 pudori¹.
474 535 519 602 At
538 557 601 629 ego
618 533 808 627 querebar„
828 531 921 626 quod
935 534 1067 604 absenti
1087 535 1168 606 fecit
1185 537 1366 630 injuriam.

293 653 370 720 Non
386 671 521 744 possum
535 648 579 717 ob
592 648 659 718 hoo
673 646 846 734 abdicari,
866 646 959 740 quod
975 647 1052 744 lege
1067 650 1192 719 factum
1204 669 1269 720 est.
1286 655 1369 722 Nou

293 769 454 864 potuisti,
474 783 582 862 pater,
602 766 646 835 de
662 767 788 860 injuria
800 763 976 859 judicare,
998 791 1101 860 quam
1113 791 1181 836 non
1199 793 1363 838 noveras.

293 887 400 955 Multa
416 884 515 953 nohis
530 898 794 976 extorquentur,
815 906 891 975 quae
913 882 1069 952 nolumus
1085 884 1234 954 scribere
1248 912 1257 950 .·
1272 903 1312 954 et
1329 905 1367 954 tu

293 1007 329 1071 in
348 1027 389 1070 ea
409 1001 543 1088 fortuna
561 1023 652 1082 erus,
674 1000 710 1067 in
729 1021 795 1091 qua
814 1021 929 1092 posses
949 999 1108 1094 injuriam
1128 1003 1286 1096 excipere
1305 1031 1314 1070 ε
1333 1023 1366 1073 et

293 1116 352 1188 ille
378 1118 521 1203 inerat,
544 1116 604 1208 qui
621 1115 721 1183 etiam
741 1116 776 1182 in
794 1116 903 1208 patria
923 1133 1035 1209 posset
1053 1117 1212 1209 iujuriam
1229 1117 1362 1186 lacere.

293 1233 385 1328 Quia
400 1233 528 1303 sciebat
543 1231 662 1301 malam
684 1253 817 1326 causam
839 1255 950 1319 suam,
974 1234 1045 1326 egit
1064 1232 1155 1327 apud
1168 1231 1282 1320 illum,
1303 1238 1365 1327 qui

293 1373 366 1420 eam
381 1374 450 1418 non
463 1363 616 1418 noverat.
632 1347 747 1417 Rediit
761 1347 940 1441 superbus,
954 1345 1109 1440 jubebat,
1123 1365 1156 1416 et
1167 1374 1229 1416 nos
1241 1365 1363 1443 optare

293 1468 429 1560 nuptias
443 1463 598 1560 cogebat.
619 1461 808 1532 Videbatur
821 1464 870 1532 sic
889 1479 923 1531 et
944 1462 1016 1532 illie
1034 1466 1196 1558 coegisse.
1216 1465 1362 1560 Aliquid

291 1603 401 1654 tamen
415 1583 565 1678 epistolis
573 1597 773 1650 consecutus
786 1594 849 1648 est.
858 1582 964 1649 Nemo
974 1606 1124 1674 unquam
1137 1581 1263 1652 tardius
1277 1609 1363 1678 per-

292 1703 366 1770 iit¹.
383 1699 527 1792 Collegit
540 1701 713 1794 ingentem
736 1721 912 1798 numerum
933 1695 1166 1793 perditorum3
1183 1724 1363 1794 expugna-

291 1819 342 1886 vit
358 1816 513 1902 domum,
531 1813 662 1882 vexavit
676 1812 838 1908 puellum.
855 1815 927 1882 Hoc
943 1813 1005 1882 tibi
1020 1831 1136 1910 raptor
1150 1839 1216 1884 non
1235 1842 1360 1887 narru-

288 1950 396 2002 verat.

337 2046 502 2117 COLOR.
516 2047 627 2114 Ltrnn
640 2045 765 2130 aiebat,
782 2067 916 2140 semper
929 2049 1074 2117 invisum
1087 2071 1172 2132 esse,
1189 2049 1248 2143 qui
1261 2075 1360 2122 reum

290 2164 393 2232 alium
411 2185 475 2256 pro
493 2184 528 2229 se
547 2160 744 2253 subjiceret.
767 2163 842 2230 Non
868 2178 1025 2256 oportere
1045 2163 1111 2233 hoo
1128 2162 1278 2234 derivari
1302 2169 1360 2236 fa-

289 2296 381 2349 ctum
399 2279 435 2344 in
460 2279 585 2346 sororis
604 2276 824 2346 voluntatem.
842 2277 913 2370 Qui
933 2277 1104 2363 defendit,
1128 2281 1260 2374 inquit,
1281 2285 1359 2351 eri-

290 2419 387 2475 men,
416 2391 555 2462 auditur
580 2389 741 2486 tauquam'
768 2416 847 2462 reus
873 2421 881 2462 ι
907 2395 966 2487 qui
991 2396 1168 2480 transfert,
1195 2413 1356 2490 tunquam

289 2525 475 2601 accusator.
494 2509 585 2578 Malo
602 2527 714 2578 autem
727 2508 803 2578 loco
818 2527 890 2598 est,
909 2511 969 2603 qui
979 2509 1086 2582 habet
1098 2515 1147 2582 rei
1163 2513 1354 2602 fortunam,

287 2627 490 2698 accusatoris
508 2625 682 2695 invidiam.
1228 2645 1231 2652 ·

337 2745 473 2812 Asnuus
489 2745 617 2812 Potnro
634 2740 785 2828 dicebat,
804 2743 950 2828 colorem
971 2745 1008 2813 iu
1030 2747 1223 2814 narratione
1240 2763 1357 2816 osteu-

288 2858 456 2940 dendum,
479 2859 515 2926 in
540 2859 748 2952 argumentis
774 2858 1037 2950 exsequendum.
1066 2863 1143 2930 Non
1166 2859 1356 2955 prudenter

288 3000 344 3046 eos
362 2976 491 3060 facere,
511 2974 570 3068 qui
589 2974 625 3042 iu
645 2973 841 3042 narratione
857 2972 970 3042 omnia
988 2974 1213 3046 iustrumenta
1231 2977 1355 3046 eoloris

240 3105 242 3113 ’
286 3107 536 3160 consumerent.
552 3093 636 3160 Nam
651 3107 686 3159 et
698 3089 776 3184 plus
788 3113 846 3160 eos
860 3113 999 3185 ponere,
1013 3114 1116 3184 quam
1129 3097 1280 3166 narratio
1292 3095 1353 3165 de-

285 3204 481 3290 siderasset,
503 3208 662 3275 etminus
678 3230 778 3299 quum
797 3205 962 3301 probatio.

321 3416 341 3448 ι.
352 3397 461 3452 Pudon'.
471 3399 507 3452 lta
519 3395 584 3452 lilb.
593 3411 640 3453 tres
649 3399 793 3474 ap.Srhott·
876 3419 899 3452 u.
915 3399 1031 3454 Tardius
1039 3405 1125 3470 periit.
1136 3401 1222 3458 Periit
1230 3405 1288 3460 libri
1296 3420 1348 3469 trrt;

286 3471 340 3527 Atii
350 3477 438 3529 dolori.
842 3497 907 3530 unus
921 3477 953 3531 ad
965 3498 1036 3532 oraru
1045 3483 1118 3552 petit.
1127 3482 1225 3538 Sabure.
