2874 4768
229 459 248 474 ·
284 459 517 527 nxesnsrs
541 459 703 526 consu.
730 459 812 526 us.
838 457 900 541 rv,
928 459 960 522 s.
1094 455 1159 524 535

135 589 249 658 PARS
271 585 464 655 ALTERA.
492 587 585 654 Nihil
614 586 675 655 tibi
697 609 782 681 opus
805 601 855 654 est
880 587 1040 679 potestus.
1060 585 1166 654 Scisti·

82 703 183 770 illum
198 723 338 795 perere,
358 701 458 767 etism
475 724 577 791 quum
595 701 669 791 cogi
684 723 753 768 non
767 711 890 793 potest.
906 697 1087 792 Quaslibet
1103 700 1160 766 in-

82 819 183 888 dinss
202 841 344 913 operas,
373 841 546 909 nunquam
569 832 681 885 tamen
708 817 839 885 indices
862 817 908 885 its
925 815 1131 911 periculosos
1146 868 1167 902 ,,

82 957 191 1028 quam
207 934 372 1003 indixisti.
387 932 505 1002 Habeo
516 932 647 1026 judicis
662 948 732 1000 tus.
748 936 841 1002 Bene
858 933 902 1000 de
916 958 1014 1004 servo
1025 931 1163 1026 judica-

85 1056 160 1137 sti,
180 1049 401 1120 manumisisti
416 1077 426 1133 3
444 1048 532 1118 bene
551 1050 594 1117 de
611 1049 748 1118 liberto.
768 1051 981 1143 Proscriptus
995 1051 1080 1118 mihi
1098 1073 1162 1144 po-

86 1165 273 1232 tissimum¹
293 1179 326 1232 te
342 1164 553 1232 commisisti.
568 1163 603 1233 Si
619 1163 800 1231 noluissem
816 1180 995 1256 patronum
1010 1161 1159 1247 habere,

87 1282 204 1374 potui.
222 1281 319 1349 Unus
334 1303 375 1348 ex
396 1280 596 1373 proscriptis
616 1279 731 1361 luisti,
753 1281 812 1372 qui
828 1294 911 1348 tunc
927 1303 1043 1374 posses
1060 1282 1161 1349 etiam

88 1397 220 1490 rogari.
238 1397 420 1465 Restitutio
435 1395 497 1463 tibi
515 1397 796 1489 proscriptionem
809 1396 957 1483 remisit,
972 1419 1042 1464 non
1058 1395 1161 1490 quid-

89 1512 179 1606 quid
195 1513 229 1580 in
247 1511 494 1605 proscriptione
512 1513 667 1605 gessisti,
690 1511 842 1581 rescidit.

143 1687 311 1756 Emit.
339 1687 465 1756 Omnes
491 1686 615 1754 invecti
643 1701 722 1753 sunt
750 1687 787 1753 in
815 1685 986 1755 libertum.
1019 1687 1164 1756 thnrus

89 1805 270 1882 Curemus,
292 1815 326 1869 et
344 1800 442 1871 Orno
465 1802 601 1870 Jusrns²
628 1815 773 1892 egerunt
794 1799 924 1878 lenius,
947 1813 986 1866 ut
1002 1813 1166 1894 patronus

92 1917 298 1982 remissurus
321 1912 497 1982 videretur
520 1937 639 2007 operas
650 1963 662 2000 ,
682 1914 710 1979 si
731 1911 946 1981 obtinuisset.
967 1913 1052 1980 Nsm
1073 1912 1166 1984 Otho

92 2031 208 2099 dixit:
226 2031 329 2116 Sine,
351 2054 403 2098 me
418 2028 550 2123 judicio
573 2053 647 2097 meo
666 2029 778 2099 rideri
796 2031 975 2099 remisisse.
997 2031 1133 2099 Faciam
1152 2079 1163 2114 ,

94 2150 278 2217 remittam.
297 2147 465 2243 Quidlmo
492 2149 542 2216 sio
567 2149 686 2228 times,
706 2165 866 2239 tanquam
889 2149 1018 2216 inritus
1034 2148 1169 2241 promi-

92 2267 230 2334 serim?
405 2262 410 2270 ’

146 2386 273 2454 Contra
296 2383 432 2452 Cssrrus
457 2383 506 2450 sit
531 2408 538 2448 :
560 2382 660 2450 Tunc
683 2379 879 2472 hujusmodi
910 2379 1071 2449 utendum
1095 2405 1167 2450 esse

94 2499 292 2584 coloribus,
323 2499 383 2566 ubi
410 2496 594 2566 verendum
622 2483 698 2582 est,
728 2521 773 2566 ne
801 2497 981 2565 videamur
1005 2521 1077 2566 rem
1105 2499 1169 2566 du-

94 2641 170 2685 ram
186 2614 370 2708 postulare.
392 2613 458 2682 Ubi
475 2630 592 2682 contra
611 2611 785 2682 honestum
805 2637 986 2707 personam
1003 2615 1168 2706 promisso

91 2731 200 2824 judex
214 2729 366 2798 molliore
383 2727 552 2798 fallendus
569 2745 632 2797 est.
653 2729 749 2822 Quid
767 2731 803 2798 in
821 2729 887 2798 hec
908 2751 1050 2823 persons
1069 2751 1169 2798 vere·

97 2873 175 2915 mur
191 2862 224 2916 et
253 2867 376 2928 eausa,
397 2847 462 2914 nisi
479 2846 546 2914 hoo
565 2870 691 2928 unum,
714 2845 805 2937 quod
822 2870 863 2914 ex
880 2845 946 2913 hoc
965 2844 1079 2914 colore
1095 2869 1169 2914 me-

97 2962 261 3034 tuendum
276 2981 327 3033 est
344 2991 353 3031 ι
370 2987 434 3048 ne,
456 2966 484 3031 si
500 2957 675 3032 uolumus³
693 2962 766 3032 haee
779 2965 976 3046 remittere,
994 2963 1093 3032 etism
1109 2987 1170 3031 vo-

97 3083 203 3151 luisse
220 3080 410 3149 videamur.

134 3271 418 3342 1.Mihipotisstmum-
436 3271 612 3325 Potissimum
663 3269 729 3322 mele
741 3287 749 3324 t
763 3282 787 3322 et
800 3269 921 3325 Ottont'us
939 3271 1016 3323 Fron.
1035 3283 1065 3324 ut
1082 3282 1106 3326 ot
1118 3283 1178 3344 post·

98 3353 125 3404 ei
134 3362 159 3404 te
170 3348 249 3402 Frob.
262 3349 358 3404 Sclntt.
663 3349 757 3423 paullo·
768 3347 863 3403 Schott

54 3497 61 3510 Ι
134 3426 617 3492 2.01toJuntus.ostontuslib.rm;.
700 3427 723 3480 ³.
735 3429 874 3482 Volumus.
886 3429 949 3482 Tres
961 3426 1035 3482 todtl.
1044 3431 1173 3484 nolumus.
