2876 4804
241 263 243 270 ’
323 257 384 336 θ’
600 209 603 234 Ι
747 265 791 333 Ν.
822 265 951 334 FABRI

324 383 473 450 secunda.
500 384 559 448 Ille
580 386 663 448 enim
689 400 735 449 est
759 381 841 449 ordo
865 406 932 472 quo
952 383 1141 449 contentum
1167 407 1235 450 esse
1248 386 1415 453 'Melam

324 487 425 562 lilium
432 489 525 575 jubet
538 512 546 554 :
559 504 591 553 et
605 489 675 554 fuit.
695 487 856 558 Adderem
876 489 973 554 dueta
987 513 1089 554 uxore
1104 489 1231 573 Helvia,
1249 513 1289 557 ex
1312 515 1413 582 qua

324 612 388 660 tres
402 595 521 660 liberos
535 597 726 683 susceperit,
739 597 800 660 sub
814 597 962 684 Augusto
973 597 1109 661 Romam
1126 597 1265 680 venisse,
1280 599 1411 664 fami-

326 703 500 789 liaremque
511 701 557 765 ibi
572 701 687 766 Porcio
700 702 844 781 Latroni,
864 702 970 766 Cassio
985 702 1120 785 Severo,
1138 695 1273 769 Claudio
1285 706 1403 769 Tur·

285 843 289 850 ·
324 807 416 890 rino,
433 808 609 888 Montano,
623 809 807 895 caeterisque
830 808 912 873 illius
929 808 1156 875 foecundissimi
1182 810 1409 900 elegantium

324 904 529 1004 ingeniorum
546 914 651 978 sarculi
671 914 844 978 luminibus
858 915 985 996 vixisse,
1006 930 1037 978 et
1050 915 1108 980 alia
1124 915 1158 979 id
1170 939 1286 1006 genus,
1306 941 1412 1006 quae

326 1043 368 1084 ex
377 1019 427 1084 his
437 1019 524 1084 libris
536 1033 568 1082 et
577 1019 801 1084 Consolatione
813 1017 867 1082 lilii
877 1018 919 1083 ad
928 1019 1072 1084 Helviam
1081 1021 1151 1084 elici
1157 1037 1309 1109 possunt:
1323 1023 1411 1087 nisi

327 1129 406 1192 mihi
422 1127 622 1217 propositum
646 1143 744 1207 esset,
762 1127 823 1191 hos
839 1129 946 1216 potius
963 1127 1150 1210 emendare,
1170 1152 1266 1215 quam
1293 1145 1409 1194 uan-

328 1235 477 1300 scribere.
486 1233 606 1317 Quanti
618 1249 724 1297 autem
737 1233 834 1298 fuerit
846 1234 999 1298 acuminis
1014 1250 1046 1299 et
1057 1257 1153 1322 quam
1165 1237 1243 1298 acris
1255 1235 1408 1320 judicii,

329 1341 401 1406 satis
421 1362 583 1430 superque
601 1340 666 1404 hoc
687 1339 841 1428 scriptum
863 1339 997 1422 indicat,
1016 1341 1050 1404 in
1069 1363 1136 1428 quo
1154 1341 1227 1428 plus
1247 1357 1408 1406 centum

331 1462 501 1512 auctorum
516 1462 580 1510 tam
594 1467 771 1536 graecorum
789 1469 884 1534 quam
901 1445 1089 1527 latinorum,
1107 1447 1164 1533 qui
1175 1445 1316 1536 Augusti
1336 1471 1408 1511 sae·

330 1552 441 1618 culum
449 1553 662 1632 illustrarunt,
671 1566 765 1614 acute
774 1553 807 1614 in
819 1550 1026 1616 declamando
1037 1553 1167 1616 inventa
1179 1567 1209 1616 et
1219 1552 1303 1616 dicta
1310 1577 1410 1618 con·

333 1673 488 1749 gesserat,
509 1673 659 1746 congesta
671 1657 756 1720 inter
775 1679 809 1721 se
829 1658 1025 1739 contulerat,
1042 1674 1074 1723 et
1091 1657 1277 1748 desingulis
1298 1682 1407 1725 seve·

332 1767 454 1831 tissime
463 1763 654 1851 judicando,
668 1749 776 1829 ¹divina
786 1765 837 1829 illa
845 1765 972 1854 ingenia
985 1767 1074 1832 velut
1089 1768 1123 1831 in
1136 1768 1243 1832 tabula
1258 1766 1405 1857 depicta

333 1871 376 1936 ad
393 1873 611 1960 posteritatem
628 1872 849 1936 transmiserat.
869 1871 932 1936 Sed
952 1874 1141 1962 nescioquo
1163 1873 1229 1937 fato
1247 1898 1315 1938 non
1342 1899 1406 1941 so-

334 1977 403 2041 lum
419 2000 532 2048 eorum
548 1979 664 2065 scripta
682 1978 776 2066 genio
793 1978 847 2041 illo
865 1980 922 2064 qui
933 1979 1020 2043 libris
1033 1980 1130 2043 vitam
1146 1995 1178 2042 et
1196 1978 1404 2048 diuturnita-

335 2086 512 2172 temporit,
530 2083 654 2148 delecta
668 2084 801 2148 fuerunt
823 2108 831 2149 :
852 2083 893 2148 de
913 2101 963 2149 tot
980 2086 1064 2150 enim
1084 2086 1217 2174 egregiis
1233 2086 1309 2150 viris
1337 2091 1402 2153 vix

337 2193 432 2257 unius
449 2189 554 2258 Ovidii
567 2207 775 2256 monumenta
785 2191 825 2256 ad
836 2215 896 2256 nos
908 2214 1012 2280 usque
1021 2190 1238 2281 perdurarunt
1251 2215 1259 2256 :
1270 2216 1403 2260 verum

338 2298 432 2362 etiam
447 2311 557 2361 noster
572 2311 703 2377 auctor,
717 2319 884 2385 perquem
895 2297 995 2361 Musae
1003 2312 1166 2362 tantorum
1180 2298 1403 2388 ingeniorum

337 2403 499 2468 memoriae
512 2419 544 2466 et
559 2403 666 2491 gloriae
679 2401 853 2492 providisse
864 2403 1069 2483 ridebantur,
1082 2403 1196 2468 eodem
1210 2427 1304 2492 paene
1319 2407 1403 2472 fato

338 2510 469 2575 functus
485 2525 540 2579 est.
556 2509 639 2573 Nam
652 2531 692 2572 ex
703 2507 815 2573 decem
826 2510 1122 2574 Controuersiarum
1134 2509 1220 2574 libris
1229 2532 1314 2597 quos
1322 2515 1402 2578 vul-

340 2631 440 2704 garat,
454 2617 597 2703 quinque
605 2616 658 2678 vix
667 2626 839 2703 supersunt
854 2615 961 2702 :iique
975 2612 1057 2678 adeo
1072 2615 1176 2679 mutili
1185 2632 1216 2679 et
1224 2620 1399 2706 corrupti,

340 2737 377 2784 ut
387 2720 641 2809 fragmentorum
650 2720 756 2806 potius
765 2720 940 2807 congeriei,
951 2742 1046 2806 quam
1055 2720 1187 2807 alicujus
1195 2721 1309 2810 integri
1319 2746 1401 2788 cor·

340 2827 426 2915 poris
445 2825 583 2913 speciem
603 2824 751 2888 referant.
768 2823 876 2890 Graeca
888 2825 972 2887 enim
989 2826 1109 2906 omnia,
1122 2849 1194 2914 quae
1212 2828 1401 2897 notabilem

342 2933 446 3020 operis
457 2947 579 3019 partem
590 2929 784 3011 efficiebant,
797 2930 924 3019 penitus
933 2931 1174 2996 interciderunt.
1191 2933 1300 2998 latina
1308 2957 1400 3002 vero

343 3061 468 3118 manca,
494 3036 642 3117 confuso,
666 3036 869 3124 perturbata,
894 3053 926 3100 et
946 3037 1068 3124 ubique
1093 3053 1157 3100 tam
1181 3037 1261 3102 male
1279 3039 1400 3108 habita

343 3160 433 3224 sunt,
445 3159 483 3207 ut
493 3143 518 3206 si
532 3143 600 3230 ipse
614 3157 726 3206 auctor
740 3141 876 3224 rediret,
895 3165 952 3206 sua
966 3165 1033 3206 csse
1050 3145 1196 3228 ejuraret.
1214 3145 1246 3210 N
1248 3167 1284 3209 ec
1299 3148 1400 3214 unde

343 3265 428 3313 tanta
441 3253 563 3336 jactura
579 3248 668 3312 facile
682 3250 824 3314 resarciri
839 3250 938 3336 possit
954 3248 1066 3330 video,
1083 3249 1141 3314 nisi
1156 3251 1244 3314 Deus
1257 3251 1399 3338 aliquis,

346 3355 432 3418 velut
444 3377 483 3419 ex
492 3354 652 3436 machina,
664 3355 757 3419 alicui
771 3353 903 3418 feliciori
915 3353 1020 3418 sidere
1031 3369 1106 3419 nato
1117 3356 1270 3444 integrius
1286 3379 1401 3426 exent-

344 3461 414 3549 plar
429 3461 591 3526 obtulerit.
603 3460 705 3524 Nobis
716 3461 801 3524 enim
816 3476 882 3523 tam
895 3459 1040 3525 felicibus
1055 3483 1121 3524 esse
1136 3461 1305 3549 hucusque
1323 3487 1400 3536 non

346 3567 487 3655 contigit,
497 3582 535 3630 ut
543 3567 645 3632 ullum
655 3567 1014 3664 nancisceremur¹.Nec
1022 3582 1144 3632 temere
1153 3568 1287 3632 inveniri
1298 3591 1401 3657 posse

391 3827 414 3862 r.
426 3806 587 3876 Vidainsro,
597 3825 643 3879 pp.
656 3825 703 3873 ar,
714 3823 750 3860 aa
758 3816 785 3858 et
793 3802 830 3858 28
839 3805 1048 3876 descriptionem
1059 3816 1176 3877 quatuor
1187 3822 1249 3859 mss.
1265 3769 1398 3866 codicum

348 3923 415 3976 quos
429 3915 523 3978 postea
540 3902 666 3958 Andreas
685 3902 812 3959 schottus
838 3901 867 3956 io
885 3901 1009 3956 manibus
1020 3901 1132 3969 habuit,
1143 3897 1401 3971 strumonem,

351 4021 464 4074 irempe,
475 4001 636 4072 Emensis,
652 3998 844 4058 Covarmviani
856 4008 883 4052 et
893 3998 1027 4054 Vaticani.
1045 3999 1097 4055 En.
