2874 4808
315 471 380 551 386
641 481 689 546 M.
716 477 861 547 ΔΝΜ]
885 475 1064 546 SENECAE
1122 517 1125 524 Δ

360 612 481 677 Vtams
504 610 656 676 Getrinas
682 601 837 674 eumdem
860 627 995 674 sensnm
1020 603 1103 674 dixit
1119 633 1128 675 t
1144 607 1228 699 Quae
1251 622 1296 676 est
1315 607 1367 676 ista

313 744 379 796 tam
395 748 470 796 sera
488 725 616 817 pietas,
643 739 709 790 tam
728 737 931 817 prepostera
951 747 959 788 ε
976 701 1130 814 querere
1153 739 1227 793 tuos
1245 747 1263 794 a
1281 726 1367 792 tertio

313 842 448 933 iucipia.

361 956 750 1034 Mourmateanos,
783 951 886 1022 homo
911 953 1095 1040 rarissimi,
1128 955 1280 1024 etiamsi
1308 977 1363 1024 nou

312 1069 573 1140 emendatissimi
596 1067 753 1159 ingenii,
774 1067 897 1134 vitium
924 1090 1039 1150 suum,
1070 1067 1163 1160 quod
1197 1070 1232 1136 iu
1259 1069 1366 1137 matio-

310 1189 413 1257 nibus
438 1209 507 1256 non
536 1181 703 1282 evitabat,
733 1185 768 1250 in
788 1181 999 1251 scholasticis
1019 1208 1156 1277 quoque
1173 1183 1296 1254 evitare
1310 1207 1365 1252 nm

311 1302 423 1399 potuit
441 1329 450 1373 ε
466 1299 527 1371 sed
546 1303 580 1369 in
597 1299 825 1380 orationibus,
852 1301 933 1390 quia
951 1299 1061 1367 laxior
1075 1317 1127 1369 est
1142 1304 1298 1382 materia,
1315 1303 1367 1369 mi·

311 1445 374 1490 nus
390 1417 584 1490 earumdem
603 1430 785 1485 annotatur
802 1415 950 1484 iteratio.
973 1417 1014 1484 In
1034 1415 1256 1504 scholasticis,
1278 1419 1304 1485 si
1319 1439 1366 1484 ea·

307 1538 384 1606 dem
407 1553 486 1606 suut
513 1557 589 1629 quae
621 1531 806 1613 dicuntur,
837 1533 918 1624 quia
943 1556 1050 1626 pauca
1079 1549 1178 1617 sunt,
1210 1549 1361 1603 notantur.

309 1650 450 1722 Memini
466 1649 561 1716 illum
571 1670 632 1740 pro
643 1645 742 1714 Galla
753 1647 905 1714 Numisia
914 1646 1007 1739 apud
1029 1650 1255 1723 centumviros
1265 1648 1364 1716 tiroci-

310 1769 403 1836 nium
419 1767 579 1859 poncrc¹.
596 1765 644 1830 Ex
658 1763 759 1830 uncia
770 1755 880 1831 lraeres
891 1779 964 1832 erat
975 1765 1084 1858 patris
1098 1765 1151 1833 sui
1161 1765 1259 1834 Galla
1273 1791 1280 1834 ι
1294 1763 1367 1855 obji-

288 1857 463 1952 'ciebatur
489 1879 539 1948 illi
565 1877 787 1962 veneficium
818 1876 908 1948 dixit'
934 1901 1005 1947 rem
1043 1876 1314 1964 disertissimam,
1340 1893 1367 1944 et

311 1995 467 2067 omnibus
494 1995 617 2065 seculis
643 1993 862 2102 duraturam,
897 1995 977 2087 quia
1002 1998 1117 2064 nescio
1134 2021 1179 2066 an
1198 1995 1363 2091 quidquam

314 2114 435 2184 melius
452 2115 488 2181 in
507 2136 546 2181 eo
570 2135 695 2205 genere
712 2135 889 2186 causarum
908 2111 1051 2180 dictum.
1067 2113 1213 2184 Unciam
1229 2138 1290 2183 uec
1302 2110 1367 2183 tilia

314 2229 457 2314 deberi,
481 2252 544 2326 nec
562 2227 738 2330 veneficae.
768 2231 844 2296 Non
872 2227 936 2297 luit
962 2243 1160 2316 contentus3
1180 2229 1300 2325 adjecit
1314 2227 1366 2298 :ln

310 2347 462 2445 paternis
475 2345 599 2416 tabulis
617 2347 696 2415 filiae
708 2346 817 2428 locus,
834 2361 894 2416 aut
908 2369 988 2414 suus
1000 2345 1159 2432 debetur,
1176 2365 1236 2418 aut
1258 2345 1365 2444 nullos.

316 2463 509 2532 Etiamnum
522 2460 648 2554 adjecit
664 2487 672 2528 :
689 2459 869 2554 Relinquis
882 2462 1019 2528 nocenti
1031 2463 1191 2547 nimium,
1213 2455 1366 2532 innocenti

315 2601 449 2673 parum.
475 2577 527 2646 Ne
552 2579 601 2645 sic
626 2572 765 2668 quidem
790 2577 912 2646 satiare
932 2599 968 2644 se
986 2577 1119 2670 potuit3
1138 2577 1266 2673 adjecit
1284 2577 1367 2644 :Non

310 2709 421 2788 potest
440 2691 511 2760 lilia
530 2705 598 2759 tam
613 2706 757 2782 anguste
773 2693 925 2785 paternis
942 2692 1067 2761 tabulis
1083 2693 1280 2780 adhaererc,
1299 2713 1368 2784 quat

311 2815 370 2878 a'ut
397 2823 484 2876 totas
509 2803 685 2900 possidere
710 2803 836 2892 debet,
859 2821 919 2874 aut
938 2823 1023 2876 totas
1041 2807 1191 2901 perdere
1209 2835 1218 2877 ε
1236 2824 1269 2877 et
1285 2806 1368 2901 plura

312 2924 439 3010 multa,
460 2945 534 3014 qnae
551 2921 712 2989 memoria
732 2946 801 2990 non
818 2939 949 3016 repeto.
967 2925 1013 2991 lix
1031 2923 1075 2992 iis
1091 2923 1244 3016 quaedam
1259 2927 1292 2992 iu
1305 2943 1369 2991 ora·

311 3042 438 3110 tionem
448 3035 621 3121 contulit²,
634 3052 668 3104 et
676 3033 743 3105 alia
756 3038 855 3132 plura
869 3063 970 3132 quam
986 3039 1129 3126 dixerat,
1146 3033 1369 3135 adjecitllilnl

313 3176 383 3223 non
401 3149 507 3222 exeis
528 3152 655 3222 bellum
673 3169 742 3236 est,
766 3157 794 3222 si
813 3153 923 3224 solum
942 3158 985 3224 sit
1003 3183 1010 3225 ε
1027 3156 1117 3226 nihil
1132 3182 1203 3226 nou
1217 3178 1326 3226 rursus
1338 3171 1368 3220 et

313 3272 363 3340 eia
378 3263 485 3340 alterl¹
495 3270 617 3340 obstat.
641 3270 736 3340 idem
755 3273 790 3340 in
815 3271 880 3341 hac
902 3271 1146 3344 declamatione
1168 3275 1286 3344 iecisse
1305 3291 1367 3340 eum

314 3389 467 3458 memini.
482 3390 597 3472 Erras,
612 3404 722 3482 pater,
739 3390 869 3481 inquit,
886 3406 921 3459 et
935 3391 1154 3462 vehementer
1167 3415 1282 3478 erras,
1300 3407 1368 3480 quot

258 3497 261 3504 ’
313 3503 519 3600 perdidisti,
547 3529 614 3573 non
641 3507 765 3598 quaeris
784 3533 791 3573 :
811 3529 911 3598 quem
932 3510 1078 3600 quaeris,
1105 3531 1173 3578 non
1192 3503 1366 3603 perdidisti.

311 3697 401 3752 habuit
411 3699 566 3766 exercitum,
579 3719 626 3753 uec
636 3699 774 3770 quicquam
783 3701 825 3752 in·
916 3720 937 3752 ι.
953 3703 1114 3756 Tirocinium
1126 3721 1229 3771 ponere.
1244 3702 1292 3753 Pro
1302 3699 1369 3766 depo·

313 3777 389 3846 veni,
408 3777 458 3830 nisi
472 3775 520 3832 lroc
534 3778 593 3830 satis
606 3797 768 3852 magnacum
780 3798 827 3832 au·
876 3801 947 3844 nere,
962 3779 1010 3834 luoc
1022 3795 1059 3835 est
1069 3801 1076 3836 ε
1086 3781 1221 3836 milesessc
1230 3775 1367 3854 empitllan

314 3855 390 3910 dacis
401 3855 568 3930 coniunctum
583 3875 591 3909 :
605 3854 709 3919 Redde,
725 3859 823 3926 inquit,
876 3883 890 3914 a
908 3861 1141 3916 centumviralibus
1160 3862 1243 3914 nuni,
1265 3849 1368 3931 mpiczd

310 3939 386 4004 putri
404 3955 452 3990 suo
470 3946 567 4004 raptor.
584 3933 644 4004 Ego
660 3935 766 4003 raptor?
777 3955 826 4004 age
876 3939 903 3991 in
915 3941 970 3991 loro
981 3938 1099 4005 solitum,
1113 3953 1142 3993 ut
1152 3939 1179 3991 iu
1188 3937 1280 3992 scholis
1289 3936 1334 3988 lert
1344 3928 1368 3980 sl

312 4013 392 4068 modo
404 4015 556 4067 monstrabo
567 4015 592 4064 si
603 4016 654 4076 vic,
668 4025 716 4072 etc,
725 4013 768 4064 Est
779 4033 826 4064 au·
876 4016 991 4068 llomcro
1006 4027 1030 4068 ct
1042 4013 1170 4082 llcsiodo,
1184 4027 1270 4069 auctor
1281 4023 1313 4066 nst
1324 4005 1368 4060 Pti-

309 4104 363 4147 tem
377 4093 442 4148 istud
458 4113 507 4164 ogr
522 4095 612 4156 modo,
631 4112 687 4144 cnm
705 4092 826 4164 indigua·
875 4095 931 4146 nius
946 4093 1046 4146 iunior.
1061 4093 1155 4149 Scitote.

309 4171 381 4225 tione
401 4170 611 4237 concedentium,
631 4182 659 4223 ut
681 4184 705 4223 ct
722 4171 826 4226 minan·
907 4191 930 4222 2.
951 4169 1000 4225 Ex
1016 4175 1051 4228 iis
1067 4174 1229 4242 quadam-in
1242 4171 1366 4222 omnm

309 4247 375 4302 tium
386 4249 476 4316 simul,
491 4249 591 4304 Terent.
607 4249 675 4304 Eun.
689 4250 728 4313 ll,
743 4271 775 4314 2,
787 4255 826 4335 51¹.
874 4255 987 4306 contulit.
1005 4253 1088 4324 Atque
1105 4265 1173 4308 eraut
1185 4254 1214 4306 in
1228 4239 1365 4306 orations!
