2874 4796
293 457 527 526 nxcaarrn
550 457 713 526 ecura.
741 461 822 527 nn.
849 463 886 546 1,
916 488 947 554 7.
1092 463 1159 554 479

81 589 222 672 Indica,
249 589 443 681 inquiunt„
463 587 577 680 patri,
605 610 674 655 non
702 587 827 656 omniax
842 591 969 682 piratas
995 589 1156 659 uendere.

81 706 231 798 Qualem
251 721 366 798 optem
386 719 516 799 patrem
527 713 552 788 ¹,
575 703 704 773 nescio.
724 707 827 776 Dives
854 706 1030 792 debilitat,
1056 733 1161 801 egens

81 818 217 912 alligat.
236 821 403 887 Neutrum
421 815 577 885 manibus
595 817 681 886 meis
708 819 857 912 expedit.
878 821 947 893 Ubi
975 838 1026 891 est
1051 823 1160 916 patri-

82 935 236 1002 monium
262 949 382 1016 mum,
414 955 483 1025 quo
508 946 670 1024 tyrannos
697 935 860 1034 instruis,
892 962 959 1029 quo
988 936 1160 1006 adulteros

81 1049 167 1118 facis
184 1051 200 1117 Ρ

131 1189 247 1260 PARS
260 1189 453 1259 ALTERA.
473 1188 616 1281 Suscepi
630 1189 695 1256 tria
709 1187 886 1282 prodigia,
905 1191 1062 1261 interme
1076 1209 1110 1261 et
1124 1217 1160 1261 se

82 1305 255 1391 furentia3
271 1327 396 1388 unum,
419 1302 492 1407 qu·
499 1318 614 1396 posset
635 1305 779 1395 patriam
798 1307 993 1399 opprimere
1009 1334 1017 1374 ι
1033 1308 1158 1393 alium,

82 1424 143 1515 qui
159 1421 298 1490 fratrem
312 1400 609 1505 violare'salium,
629 1419 689 1511 qui
704 1436 850 1513 patrem.
865 1424 934 1490 Lex
948 1421 1021 1491 baec
1035 1426 1161 1518 scripta

81 1555 135 1608 est
152 1562 217 1632 pro
233 1536 331 1606 malis
350 1535 516 1630 patribus.
537 1539 623 1605 Nam
642 1535 725 1604 boni
746 1537 848 1605 etiam
868 1538 942 1606 sine
965 1539 1041 1631 lege
1058 1541 1161 1609 alun-
1247 1619 1253 1628 1

81 1671 153 1723 tur.
171 1654 326 1723 Sciebam
345 1655 474 1747 piratas
490 1677 561 1721 non
587 1653 753 1737 facturos,
776 1655 842 1722 nisi
862 1656 1041 1748 pecuniam
1060 1681 1161 1726 acce-

82 1770 215 1863 pissent
238 1795 247 1835 ι
270 1767 347 1836 etsi
364 1781 576 1861 sperassent,
601 1767 721 1858 utique
744 1768 989 1860 praecidissent.
1011 1773 1088 1839 Non
1108 1773 1161 1840 ira

82 1887 143 1957 illa
159 1888 285 1980 patris,
304 1883 364 1954 sed
379 1883 546 1953 calliditas
565 1883 641 1952 luit.
658 1883 758 1952 Unde
772 1885 994 1972 redimerem,
1011 1912 1081 1956 non
1096 1887 1160 1957 ha-

80 2003 219 2074 bebam.
235 2005 372 2096 Rogare
392 2003 429 2069 in
447 2017 514 2070 tam
529 2024 630 2070 avara
643 2002 782 2070 civitate
796 2005 968 2072 neminem
980 2019 1157 2097 poteram,

80 2127 118 2190 in
136 2144 204 2214 qua
222 2143 285 2188 nec
297 2119 361 2186 lilii
376 2116 515 2211 quidem
536 2134 649 2210 patres
667 2117 779 2204 alunt,
794 2121 882 2188 Usus
899 2120 1042 2190 consilio
1059 2146 1155 2191 sum:

79 2242 195 2308 sciens
211 2239 337 2331 piratas
351 2259 421 2304 non
436 2234 610 2320 crudeles,
627 2233 689 2303 sed
705 2259 845 2319 avaros,
864 2236 929 2306 feci
945 2253 982 2306 ut
996 2237 1155 2333 despera?

81 2359 181 2423 rent’
205 2351 298 2445 quod
318 2375 436 2445 posses
459 2350 593 2419 redimi.
620 2350 673 2419 An
698 2350 888 2444 pruden'ter
912 2353 1155 2447 cogitaverim,

81 2471 219 2556 nesci03
240 2470 377 2538 interim
392 2468 538 2537 feliciter
551 2469 710 2560 cogitavi.
734 2467 877 2537 Exclusa
892 2463 1004 2537 mens³
1027 2486 1095 2554 est,
1118 2496 1158 2540 ex

80 2613 150 2682 quo
166 2587 239 2656 vidi
253 2610 359 2655 unum
373 2586 410 2652 in
423 2608 502 2654 arce
516 2584 647 2670 filium,
668 2583 813 2652 alterum
826 2587 863 2652 in
876 2584 1065 2671 adulterio,
1086 2603 1157 2656 ter-

79 2705 168 2772 tium
185 2704 222 2770 in
236 2700 435 2796 parricidio.
451 2701 605 2770 Relictus
618 2699 709 2769 solus
721 2723 762 2768 ex
774 2695 978 2769 his-sedent.
1030 2787 1032 2792 Δ
1081 2691 1084 2694 ’

130 2853 300 2923 EXTRA.
324 2854 390 2921 Hic
414 2851 509 2922 color
527 2849 768 2947 approbandus
781 2867 833 2920 est
851 2853 979 2946 impetu
990 2845 1016 2918 ⁵.
1032 2855 1157 2944 Magna

80 2971 173 3040 enim
191 2972 227 3040 vi
249 2993 336 3063 opus
362 2984 436 3052 est,
464 2985 502 3037 ut
525 2969 649 3062 aliquis
665 2967 856 3038 accusando
875 2991 910 3036 se
929 2966 1157 3038 miserabilem

80 3086 197 3156 faeiat.
219 3087 367 3156 Srlnsnu
388 3086 529 3154 memini
548 3085 722 3155 bominem
749 3087 842 3155 inter
859 3083 1075 3155 scholasticos
1097 3063 1159 3152 in-

79 3226 220 3286 sanum,
240 3204 332 3271 inter
348 3225 447 3270 sanos
463 3193 736 3272 scholasticum⁶.

118 3393 140 3426 ι.
151 3374 473 3445 Qualemoplempatrem.
483 3369 594 3425 Putrem
644 3370 713 3440 Quid
727 3389 764 3424 ιω
780 3369 841 3424 lile?
862 3369 936 3423 Certe
952 3391 981 3424 ex
1004 3371 1084 3425 tribus
1102 3391 1156 3425 non

79 3451 179 3506 abesto
193 3451 292 3505 dnobus
305 3450 367 3503 libb.
643 3447 699 3501 luit.
708 3449 776 3521 Lege
787 3467 846 3501 oum
856 3449 962 3502 membr.
970 3450 1044 3503 Voss.
1052 3463 1076 3502 et
1085 3451 1155 3521 llug.

116 3547 141 3579 2.
161 3527 200 3581 Ut
218 3530 401 3595 desperarent,
418 3527 491 3597 quod
503 3544 594 3594 posses
643 3525 760 3580 aetram
772 3529 858 3591 solus,
871 3527 968 3592 orbus,
985 3546 1072 3582 senet.
1090 3527 1155 3581 Ple-

81 3605 242 3662 restincti:
254 3605 376 3658 Latinum
387 3615 423 3656 est
431 3601 497 3657 illud
506 3642 514 3672 ,
524 3604 596 3673 quod
642 3603 701 3658 nius
710 3605 792 3657 lueret
801 3621 808 3658 ε
817 3623 854 3656 eoe
862 3624 914 3675 quo
924 3607 1027 3658 relictus
1036 3625 1097 3658 sum
1107 3625 1156 3659 sou

75 3702 179 3752 posses.
191 3683 296 3755 Repone
309 3683 387 3756 igitur
405 3704 435 3736 ex
446 3683 594 3737 membrana
643 3686 697 3748 lus,
711 3700 803 3742 senex,
813 3682 907 3746 orbus,
919 3701 1006 3753 egens,
1019 3685 1067 3736 odi
1075 3701 1155 3735 meos.

81 3765 159 3816 Voss.
169 3761 235 3815 Feci
241 3797 248 3825 ,
260 3770 291 3813 ut
300 3763 546 3831 desperarentposse
554 3778 594 3812 re·
645 3760 799 3814 Gronovius.

79 3843 159 3894 dimi.
171 3841 203 3892 ln
215 3839 400 3894 Controversia
417 3838 510 3894 Colore
527 3837 595 3910 legi·
676 3839 1036 3907 &Apparandnrrmpenn
1043 3837 1155 3892 Membr.

81 3931 124 3970 tur
139 3917 243 3970 :Volui
255 3915 371 3986 efficere,
387 3927 417 3970 ut
431 3917 597 3985 desperarent
644 3917 699 3971 Hr'c
711 3919 780 3970 color
790 3917 977 3985 approbandas
988 3925 1040 3976 est.
1053 3919 1078 3967 ει·
1086 3934 1154 3985 pro-

79 3998 160 4048 e'llum
172 3995 275 4047 redimi·
292 3997 404 4050 Gronov.
635 3997 744 4069 [ποιων
753 4015 812 4051 curn
825 3997 929 4062 impetn.
943 3993 1008 4046 Vide
1026 4011 1101 4064 supra
1121 3991 1153 4044 de

116 4073 141 4122 3.
149 4071 274 4126 Exclusa
284 4090 364 4124 mene.
375 4072 455 4126 Vetus
466 4072 542 4126 lectio
554 4092 596 4125 vs·
645 4075 764 4127 Latrone.
781 4070 934 4126 Gronovius.

81 4171 123 4214 rs,
134 4169 268 4216 excausa,
280 4151 348 4203 utin
364 4149 486 4203 Controv.
500 4149 596 4204 Senon.
677 4149 702 4203 fi.
711 4150 786 4203 Inter
796 4167 878 4202 sartos
886 4147 1076 4201 scholasticum.
1086 4145 1155 4199 Gon·

115 4233 141 4294 4.
161 4227 280 4282 Relictcs
293 4231 365 4282 solus
384 4248 421 4281 ex
442 4227 484 4280 lu's
507 4247 598 4282 senex.
646 4229 684 4280 ler
697 4239 782 4280 notem
798 4245 894 4299 r,snp.
907 4245 964 4298 peg.
981 4227 1034 4292 all.
