2874 4768
302 421 386 488 tiro
636 421 684 491 Μ.
708 418 852 492 ANNAEI
875 421 1053 500 SENECAE

318 545 390 614 tolli
412 572 422 612 :-
441 544 655 638 parentibus,
687 568 788 638 quam
822 569 1018 640 agnoscens.
1061 548 1210 623 Alterius
1235 559 1376 624 muni.

317 673 416 730 nutas
431 656 583 751 scapulas
600 659 633 728 in
653 658 803 730 dotum
825 658 925 728 tuber
944 660 1111 731 euanuit.
1133 661 1268 732 Produc
1282 665 1376 732 fami-

316 775 395 841 liam
408 788 526 842 tuum.
554 772 637 841 Volo
667 796 764 842 nosse
790 775 881 842 illum
906 771 1128 845 humanarum
1151 777 1374 850 calamitatum

315 891 499 962 officinam.
523 891 590 957 Sua
608 892 732 980 cuique
745 889 913 958 calamitas
928 906 1084 983 tanqtmm
1096 915 1151 964 ars
1168 897 1369 990 assignatur.

314 1004 497 1074 Intuemini
524 1003 574 1071 illi
600 1018 713 1072 erutos
737 1003 868 1085 oculos,
892 1003 943 1072 illi
964 1003 1117 1076 effractos
1136 1007 1255 1102 pedes.
1279 1011 1372 1103 Quid

310 1117 506 1186 horrescitis
519 1119 528 1151 ¹
543 1117 558 1184 P
575 1117 624 1183 sic
641 1117 705 1184 iste
729 1117 918 1184 miseretur.
945 1119 1074 1186 Novum
1094 1121 1299 1190 monstrum!
1321 1127 1371 1192 in-

311 1219 406 1326 teger
423 1233 539 1312 alitur,
565 1229 694 1299 debiles
719 1229 826 1298 alunt.
851 1232 1047 1318 Perimam,
1071 1235 1204 1325 inquit3
1232 1239 1279 1305 ita
1303 1263 1368 1307 non

309 1348 480 1417 infelicius
494 1345 696 1441 supersunt?
707 1347 901 1433 Perissent,
916 1347 1027 1442 inquit
1041 1378 1051 1437 ᾗ
1076 1349 1248 1446 interroga
1261 1371 1368 1448 putres

309 1480 423 1534 utrum
437 1463 629 1534 maluerint.
646 1462 774 1556 Quanti
789 1485 829 1529 ex
840 1461 896 1530 his
909 1463 974 1531 viri
987 1463 1102 1555 fortes,
1122 1469 1241 1560 qrmnti
1256 1485 1367 1561 tyrun-

309 1577 447 1662 nicidae,
471 1573 588 1668 quanti
609 1574 713 1642 futuri
737 1573 953 1644 sacerdotes?
973 1577 1061 1644 Num
1083 1577 1298 1655 incredibilia
1316 1580 1364 1649 lo·

307 1693 422 1786 quor?
443 1693 492 1758 Ex
512 1679 578 1758 hac
601 1689 735 1758 fortuna
759 1693 854 1782 origo
877 1691 1035 1760 Romana
1059 1695 1171 1784 gentis
1197 1697 1361 1789 apparuit.

304 1807 385 1878 Plu
398 1821 575 1900 acceptum
588 1803 799 1894 crudelitati,
815 1830 916 1898 quam
933 1830 1112 1901 expensum
1128 1810 1364 1882 misericordia

306 1923 424 1992 refert.
445 1922 618 2021 Expositos
635 1922 793 1990 aluerunt
817 1923 917 1991 etiam
943 1921 1040 2005 fera,
1062 1925 1143 1994 satis
1160 1926 1284 1997 liutara
1300 1929 1364 1997 mi·

308 2037 371 2126 tes,
384 2039 413 2106 si
424 2039 663 2131 praeterissent.
675 2037 829 2133 Quorum
837 2061 940 2130 quum
951 2037 1079 2130 ubique
1089 2038 1275 2111 audiantur
1284 2068 1363 2136 pre-

305 2176 378 2252 ces,
402 2156 439 2222 in
461 2176 525 2222 sua
543 2159 671 2220 ta'ntnm
691 2175 791 2220 causa
807 2168 948 2220 cessant.
969 2151 1123 2224 Abscissa
1140 2172 1192 2224 est
1210 2158 1281 2226 illis
1297 2159 1362 2226 lin·

307 2293 385 2362 gua,
407 2284 440 2338 et
453 2284 504 2336 est
515 2265 657 2361 rogandi
674 2291 794 2362 genus,
813 2291 933 2362 rogare
946 2292 1015 2338 non
1028 2293 1138 2361 posse.
1154 2271 1361 2344 Miseremini

305 2377 473 2471 omnium,
491 2382 645 2467 ludices,
671 2407 813 2476 quorum
832 2383 1039 2478 singulorum
1063 2387 1216 2456 misereri
1239 2390 1358 2460 soletis.

304 2498 381 2567 Istis
401 2520 463 2567 nos
479 2493 663 2566 vindictam
683 2512 863 2589 negaturos
880 2511 998 2588 putas,
1020 2497 1144 2588 quibus
1167 2523 1211 2568 ne
1231 2502 1269 2570 id
1286 2504 1361 2595 qui·

304 2613 380 2690 dem
399 2612 612 2704 negavimus,
637 2607 728 2701 quod
747 2609 807 2678 tibi
832 2609 943 2676 daturi
966 2613 1086 2679 erant?
1106 2615 1174 2681 Res
1197 2613 1362 2708 indignis-

305 2729 387 2797 sima
406 2753 414 2794 ι
431 2749 534 2818 quum
550 2740 617 2792 tam
631 2721 777 2792 crudelis
791 2724 853 2806 sit,
870 2721 1098 2793 misericordia
1111 2726 1250 2818 publica
1265 2731 1357 2798 vivit.

302 2840 479 2934 Exsurgite
496 2839 632 2924 miseri,
653 2851 687 2905 et
703 2835 805 2905 hodie
823 2835 917 2905 vobis
937 2838 1083 2929 primum
1108 2856 1240 2932 rogate.
1258 2841 1358 2928 Tibi,

301 2953 431 3045 inquit,
449 2951 648 3044 quotidiana
664 2967 803 3046 captura
818 2973 887 3022 noa
900 2967 1050 3036 constat,
1067 2971 1211 3048 apparet
1225 2972 1258 3024 te
1273 2980 1360 3026 non·

303 3066 383 3136 dum
396 3067 475 3156 satis
487 3069 643 3135 miserum
656 3066 780 3136 videri.
796 3067 989 3135 Occurrunt
1002 3069 1129 3161 nuptiis
1140 3069 1218 3139 dira
1229 3075 1358 3158 omina,

204 3215 206 3221 ·
237 3177 239 3184 ¹
302 3184 377 3252 latis
403 3169 547 3276 publicis
568 3179 718 3275 auspicia
741 3181 858 3248 feralia
875 3207 883 3248 ι
900 3199 933 3249 et
955 3180 1075 3250 diebus
1098 3183 1137 3252 in
1158 3184 1359 3256 hilaritatem

303 3297 422 3366 dicatis
435 3297 644 3366 semianimes
660 3296 715 3363 isti
731 3315 852 3388 greges
863 3293 1034 3364 oberrant.
1050 3295 1155 3364 Alunt
1168 3299 1287 3382 istum,
1301 3303 1358 3393 qni

234 3437 238 3445 ¹
300 3435 337 3480 se
358 3411 448 3480 alere
472 3435 539 3480 non
555 3415 709 3505 lpossunt.
731 3412 808 3478 Non
825 3426 876 3478 est
895 3411 955 3501 qut
971 3433 1092 3504 rogare
1105 3413 1260 3500 ‘nescim
1278 3413 1360 3483 solet

299 3526 401 3593 etiam
419 3523 554 3594 docere.
573 3527 649 3594 Non
667 3525 769 3594 habes
782 3539 833 3592 tot
849 3525 1018 3610 membra,
1038 3543 1120 3618 quot
1136 3525 1253 3598 debes.
1269 3532 1360 3624 Ergo

303 3659 340 3711 tu
358 3664 462 3733 quum
476 3642 519 3711 de
530 3641 667 3735 publica
682 3640 915 3710 misericordia
931 3643 1116 3734 cogitatas,
1132 3660 1200 3713 tam
1212 3643 1359 3715 crudelis

299 3781 373 3828 esse
392 3756 556 3850 potuisti?
572 3759 734 3841 Miseros,
755 3759 815 3850 qui
839 3758 888 3826 sic
903 3772 1025 3850 rogant
1042 3783 1052 3825 r
1069 3759 1280 3846 miseriores,
1301 3763 1357 3855 qni

339 3999 360 4033 ι.
389 3979 464 4050 Que'd
479 3977 648 4032 honestior?
666 3977 807 4054 Memhrsn.
859 3977 899 4032 ed.
916 3959 972 4048 aip'.
985 3979 1049 4034 hanc
1065 3981 1358 4059 Mambrausmupnm

300 4057 372 4109 Voss.
391 4055 465 4126 Quid
473 4053 685 4111 exhonorato?
694 4055 726 4107 Et
736 4075 806 4109 mox:
856 4067 898 4107 est.
909 4055 941 4108 Et
951 4073 1024 4126 supra
1034 4075 1058 4126 p.
1070 4056 1137 4123 435,
1150 4055 1268 4110 dedimus
1285 4057 1358 4112 edm
1429 4061 1431 4068 ’

300 4134 430 4188 Abscissa
439 4132 805 4204 “tinuimus-Utrobique
854 4134 1042 4188 exhorrescitis.
