2842 4812
182 463 188 477 ·
254 372 693 502 counnovnttstlltutt
715 430 798 496 LIB.
822 428 894 514 ΠΙ,
921 451 974 496 21.
1030 461 1034 470 ·
1081 433 1142 522 307

79 559 222 652 putatis,
239 556 394 638 ludioes,
410 581 483 626 esse
497 581 572 639 eos,
593 555 717 648 quibus
732 555 871 648 quidem
886 553 971 642 duo,
990 579 1066 649 qum
1080 560 1146 626 mi-

80 676 221 744 serrima
238 676 395 757 fuerunt,
418 673 565 767 optanda
582 691 678 756 sunt,
698 690 863 766 syrannus
877 690 911 742 et
924 676 1057 767 ruptor?
1070 677 1147 744 Uns

79 795 198 884 generi
210 794 260 862 tui
270 792 519 879 commendatio
530 808 599 875 est,
613 790 706 883 qnod
716 813 753 859 se
764 789 946 881 aliquando
957 792 1021 863 ista
1034 792 1147 884 puelle

76 911 209 1000 putarit
225 907 419 1000 indignum.

125 1028 244 1092 Vsnur
259 1026 404 1094 Srsucr.
422 1025 462 1092 ln
477 1021 594 1090 endem
609 1021 822 1106 conditione,
837 1021 993 1106 ludices,
1010 1047 1143 1109 sumus,

75 1159 115 1210 nt
128 1141 296 1210 oonsolsri
312 1139 494 1210 debeamus
508 1161 679 1222 sororem,
696 1137 789 1230 quod
804 1155 862 1206 sut
877 1156 972 1232 rupte
992 1165 1061 1210 nou
1078 1144 1143 1224 sit,

76 1270 136 1322 snt
158 1255 331 1348 nupserit3
360 1269 394 1320 et
419 1268 531 1320 temen
554 1250 639 1343 quid
664 1252 723 1318 ille
747 1253 891 1336 meruit,
910 1253 1071 1344 quamdiu
1085 1279 1147 1349 per

77 1373 252 1440 dominnm
269 1371 383 1450 licuit,
399 1369 696 1438 innocentissimus
708 1371 848 1438 servus?

124 1491 283 1560 Seruum
296 1489 399 1556 Bsssr.
416 1486 560 1580 Nuptias
573 1486 686 1554 clsuss
699 1483 799 1554 domo
812 1485 967 1574 lecimus3
981 1489 1019 1556 in
1029 1506 1147 1558 eontu-

76 1604 235 1676 lsernium
254 1602 402 1672 deducta
419 1605 509 1672 servi
527 1601 665 1671 domine
677 1618 728 1670 est
745 1628 753 1669 ι
769 1602 815 1670 its
829 1604 891 1670 iste
905 1601 1074 1674 dexteram
1093 1629 1149 1674 so-

77 1723 164 1792 mris
175 1743 279 1803 mem,
295 1720 361 1786 nisi
378 1717 458 1786 dum
476 1717 736 1801 manumittitur,
752 1742 821 1786 non
833 1719 987 1810 contigit.

124 1837 303 1903 Ponuroms
327 1831 452 1900 Asuui.
479 1832 573 1899 Inter
594 1831 765 1926 nuptiales
787 1832 1000 1900 fescenninos
1016 1834 1148 1903 ineru-

76 1974 148 2022 csm
174 1949 297 2043 generi
323 1949 431 2016 nostri
450 1947 691 2041 joosbnutm¹.
714 1949 945 2018 Miserrimum
966 1950 1075 2041 egisse
1094 1973 1147 2020 me

76 2064 166 2135 dt-
179 2065 340 2150 memini,
356 2088 424 2157 qno
439 2065 567 2133 servire
585 2067 686 2158 ooepit
698 2067 903 2159 respublica.
918 2067 1147 2136 Miserrimum

75 2183 165 2254 diem
183 2185 297 2278 egisse
311 2183 464 2268 memini,
486 2205 554 2273 qno
575 2206 621 2250 ne
639 2183 777 2252 exilium
799 2182 960 2278 fugimus.
976 2184 1071 2254 Inter
1084 2185 1148 2255 hos

74 2300 150 2370 dios
169 2298 298 2370 sororis
319 2298 457 2390 nuptias
479 2321 633 2366 numero.
657 2299 850 2368 Miserrima
872 2323 986 2383 soror,
1007 2300 1148 2370 fortusse

73 2412 298 2485 vernularum
315 2427 449 2480 tuorum
468 2433 618 2478 noverca
633 2433 681 2479 es.
700 2415 816 2496 Pater,
837 2413 910 2480 volo
926 2409 1052 2484 ducere
1065 2435 1147 2484 uxo-

75 2553 148 2600 rem
167 2555 177 2597 ι
194 2529 273 2613 dio,
290 2551 392 2620 quom
410 2525 495 2594 mihi
510 2551 551 2594 er
564 2527 699 2596 ancillis
711 2524 935 2619 despondeas.

122 2681 320 2751 cottum.
339 2679 475 2747 Ansurn
490 2679 575 2748 Sur.
593 2681 748 2750 Servavit
761 2680 945 2766 dominsm3
961 2680 1079 2772 siquis
1091 2694 1147 2772 ty·-

72 2815 183 2866 rnnno
199 2795 400 2876 indimsset,
421 2791 512 2860 solus
527 2795 679 2862 inertius
692 2791 922 2887 pependisset.

119 2956 305 3029 DIVISIO.
327 2959 437 3026 Lsrno
455 2959 492 3025 in
506 2955 568 3026 hes
582 2961 784 3051 questiones
796 2960 913 3030 divisit
930 2985 938 3027 ι
955 2958 1008 3027 An
1016 3007 1028 3044 ,
1044 2953 1144 3028 etism

70 3079 101 3148 si
117 3103 189 3146 non
210 3075 330 3144 debuit
342 3074 447 3142 liliam
463 3075 512 3142 sic
525 3074 713 3161 collocare,
730 3075 882 3146 damnari
895 3090 1007 3145 temen
1021 3073 1065 3142 ob
1078 3075 1145 3143 hoe

70 3220 141 3265 non
150 3191 259 3290 possit
271 3191 464 3260 dementiae.
482 3190 591 3276 Licet,
608 3193 734 3284 inquit,
750 3193 833 3262 mihi
849 3193 953 3262 filiam
968 3215 1075 3260 meam
1089 3192 1144 3260 cui

51 3309 176 3382 'velim
190 3307 371 3394 oolloosre3
387 3307 451 3375 isto
466 3305 615 3375 modoet
629 3303 810 3402 repudium
823 3308 984 3377 remisero
1000 3328 1141 3401 genero.

69 3429 225 3498 Aoeusor
241 3451 250 3494 :
266 3423 358 3493 Male
378 3421 548 3492 collocasti
569 3421 696 3510 filism3
719 3440 754 3491 et
767 3423 863 3492 multi
877 3422 949 3492 elii.
969 3421 1065 3515 Quid
1080 3420 1143 3490 tibi

68 3541 235 3610 videntur
258 3539 320 3620 hi,
344 3539 403 3630 qui
427 3537 586 3606 abdicant
611 3537 698 3606 filias
723 3535 827 3607 suasi
844 3538 951 3604 avari.
970 3535 1038 3606 Sed
1055 3535 1144 3607 mals

69 3679 172 3726 musa
189 3671 262 3739 αις
281 3675 345 3721 nec
362 3651 406 3720 ob
430 3652 496 3722 hoo
518 3651 717 3720 damnabor.
733 3653 789 3720 Tu
803 3667 933 3745 petrem
957 3647 1061 3718 debes
1083 3649 1144 3720 de·-

69 3789 218 3842 mentem
236 3791 414 3852 accusare,
436 3792 505 3837 non
525 3792 642 3836 senum
661 3791 795 3860 regere.
813 3770 886 3862 Ego
903 3764 994 3834 istud
1008 3789 1054 3834 en
1068 3767 1143 3834 sine

102 3955 217 4009 ululet·
231 3953 363 4018 nuptiales
372 3951 586 4025 fescenninos...
635 3949 667 4002 sd
691 3950 848 4020 Augustum,
868 3959 893 3999 ss
915 3946 1003 4000 Livius
1019 3943 1065 3998 tib.
1088 3943 1144 3998 vlt

64 4035 231 4104 hadmar.
242 4029 286 4083 De
296 4028 335 4082 his
347 4026 500 4082 terminibus
512 4045 586 4080 susu-
634 4026 717 4079 inisio.
730 4025 834 4080 Plinius
846 4023 891 4078 lib.
904 4023 963 4088 XV,
973 4043 995 4077 s.
1006 4041 1038 4076 nn
1049 4021 1144 4075 :altu-

67 4118 109 4167 ἰιι
120 4112 264 4167 verborum
274 4107 377 4160 lieentia
390 4107 418 4159 in
430 4124 534 4182 sponsos
542 4105 586 4177 js·
634 4103 748 4177 ptislinss
758 4103 965 4157 fescenninorum
977 4103 1144 4156 nuesseotni·

70 4190 129 4246 euri
139 4189 227 4244 solitis
242 4185 334 4239 florst.
344 4183 390 4238 lib.
400 4185 446 4251 ll,
463 4182 541 4255 Epist
554 4199 584 4249 s,
634 4193 678 4235 tes.
688 4201 703 4230 s
715 4179 812 4235 Schols.
