2878 4816
291 451 356 494 non
617 429 664 493 M.
691 426 838 496 Attuffit
860 427 1041 495 SENECAE

288 552 526 646 perseverabo.
564 551 697 622 Deinde
723 575 800 619 cum
827 552 1103 621 scholasticorum
1128 577 1257 621 summo
1290 554 1370 622 lra-'

293 690 374 759 gore
390 692 397 733 ι
411 671 454 734 Et
464 683 501 735 tu
509 715 520 752 ,
538 668 692 758 quisquis
705 690 741 736 es
754 667 918 747 carnifex,
936 690 1041 757 quum
1054 668 1203 734 strictam
1214 667 1366 735 sustule-

290 781 338 847 ris
358 783 522 864 securim,
542 797 722 874 antequam
739 780 862 864 feries,
883 796 1015 873 patrem
1032 783 1176 874 respice.

336 894 430 964 Belle
440 895 618 965 deridebat
628 898 693 965 hoc
702 897 983 964 AsserosPomro.
1000 895 1123 982 Filius,
1139 896 1265 988 inquit,
1281 920 1363 966 cer-

292 1013 402 1082 vicem
418 1014 590 1104 porrigat,
608 1010 759 1080 carnifex
775 1035 912 1080 manum
931 1009 1045 1097 tolla't,
1062 1010 1187 1082 deinde
1200 1012 1361 1104 respiciat

295 1126 510 1220 ad'patrem,
529 1142 564 1195 et
581 1125 672 1194 dicat
689 1154 698 1195 z
716 1125 851 1218 Agon’?
868 1124 960 1218 quod
977 1126 1055 1194 fieri
1073 1127 1158 1196 solet
1172 1125 1357 1195 victimis!

288 1238 357 1308 Sed
367 1241 446 1333 joco
465 1264 602 1333 quoque
625 1256 771 1322 remoto,
795 1239 908 1310 aiebat
933 1265 1007 1309 rem
1024 1242 1232 1309 verissimam
1256 1266 1263 1305 :
1287 1263 1358 1308 non

289 1376 388 1448 posse
407 1357 601 1425 carnificem
618 1357 755 1440 venire,
775 1356 839 1422 nisi
864 1378 905 1424 eo
926 1371 1078 1448 tempore
1095 1380 1163 1448 quo
1176 1359 1244 1447 jam
1262 1371 1360 1448 pater

292 1473 424 1540 exorari
441 1496 511 1542 non
528 1487 641 1566 posset
651 1476 678 1538 ¹.
938 1551 941 1558 Ι

339 1589 474 1655 Cnsrrm
487 1611 527 1655 ex
544 1587 650 1655 altera
665 1602 761 1679 parte
774 1587 841 1656 hoc
853 1587 966 1656 colore
980 1613 1059 1662 usus
1073 1605 1125 1658 est
1141 1640 1150 1672 ,
1166 1593 1247 1683 quia
1264 1592 1360 1683 prio·
1384 1677 1389 1686 Ι

294 1727 365 1772 rem
384 1719 534 1794 rogasset
551 1717 654 1794 rapta
672 1717 828 1798 patrem:
850 1705 1053 1797 Suspensum
1073 1729 1146 1773 esse
1162 1705 1273 1788 nolui,
1293 1721 1363 1772 sta—

292 1820 352 1883 tim
363 1816 459 1902 illum
473 1838 629 1884 securum
644 1839 716 1886 esse
727 1816 835 1885 volui.
850 1819 964 1887 Deme
974 1820 1141 1912 queritur,
1158 1819 1250 1910 quod
1262 1818 1360 1886 illum

290 1931 405 2023 potius
428 1931 578 2024 cogitare
602 1930 645 1999 de
667 1932 880 2018 ¹matrimonio
906 1931 987 2013 filii,
1015 1957 1114 2025 quam
1139 1933 1182 2002 <le
1207 1933 1361 2026 periculo

294 2046 399 2116 volui.
939 2041 943 2049 ’

341 2164 453 2228 Lsrno
469 2162 535 2229 hoc
551 2161 666 2230 colore
682 2186 762 2232 usus
784 2179 835 2230 est
856 2188 864 2230 ε
886 2162 986 2246 Scitis
1002 2161 1232 2254 periclitantes
1249 2162 1362 2231 alieno

215 2285 218 2292 ’
291 2275 434 2344 arbitrio
450 2262 575 2370 agere3
596 2276 646 2345 illi
663 2279 722 2370 qui
737 2279 828 2345 circa
845 2290 943 2344 erant
957 2273 1107 2356 sodales,
1126 2277 1185 2366 qui
1200 2297 1362 2344 occurre-

292 2407 369 2458 rant
386 2391 485 2459 amici
504 2392 638 2484 paterni
646 2441 657 2482 ,Ι
676 2390 812 2460 aiebant
829 2393 977 2458 :Eamus
995 2390 1105 2456 statim
1119 2386 1164 2455 ad
1180 2403 1284 2480 raptae
1299 2412 1362 2481 pa-

294 2519 393 2573 trem.
421 2507 461 2575 In
489 2503 684 2599 hujusmodi
710 2504 861 2573 casu'illi
889 2520 1051 2596 rogantur
1079 2532 1087 2572 ε
1114 2527 1190 2571 nam
1218 2506 1366 2597 raptoris

293 2638 406 2714 patres
423 2638 555 2714 rogant.
1005 2610 1010 2622 ’

341 2742 421 2809 Suo
437 2743 606 2808 Postrema
619 2740 788 2807 diversum
804 2737 950 2807 colorem
964 2737 1046 2805 huic
1058 2751 1193 2806 secutus
1207 2752 1270 2803 est.
1284 2739 1364 2805 Non

294 2859 378 2942 erit,
398 2857 527 2948 inquit,
543 2855 669 2922 duritia
683 2854 789 2944 patris
804 2856 884 2922 mei.
902 2855 988 2920 Item
1007 2880 1014 2918 :
1031 2851 1143 2920 Amici
1157 2869 1357 2934 suaserunt,

294 2971 339 3039 ad
371 2979 475 3072 raptae
499 2982 628 3061 patrem
653 2969 798 3047 iremus,
822 2991 865 3035 ne
888 2984 1026 3036 noceret
1045 2967 1137 3059 apud
1155 2967 1250 3034 illum
1269 2967 1366 3058 quod

292 3082 389 3150 tarde
408 3104 504 3148 suum
526 3095 640 3148 exoret
653 3096 797 3174 patrem.

344 3199 445 3265 Hrsro
461 3197 628 3264 Romus
648 3196 739 3265 bello
767 3189 935 3264 docismo³
964 3219 1045 3263 usus
1064 3213 1128 3264 est.
1148 3196 1279 3280 Vultis,
1305 3199 1362 3266 iu-

294 3385 324 3437 lsl
335 3399 386 3449 est,
397 3383 445 3439 hoe
456 3387 541 3439 ductu·
554 3387 589 3438 lta
602 3387 669 3438 enim
680 3387 800 3450 modurn,
849 3381 947 3456 agone?
966 3402 996 3436 ex
1015 3404 1066 3453 quo
1088 3384 1270 3458 Agonaliorum
1287 3385 1361 3438 serias

295 3482 346 3533 quo
366 3475 418 3516 tota
440 3482 514 3516 eausa
536 3465 633 3535 agenda
654 3479 707 3530 est,
727 3473 801 3516 rocat
849 3480 944 3513 nomen
953 3461 1080 3512 invenisse
1094 3460 1226 3514 nonnullis
1235 3459 1339 3533 placuit.

295 3541 503 3595 Fortunatianus.
515 3542 549 3595 Ν.
558 3544 629 3595 Fae.
884 3539 972 3611 2.Quo
977 3545 1034 3604 jam
1041 3549 1118 3605 parer
1125 3540 1235 3592 eaeoron'
1240 3556 1294 3589 non
1301 3557 1362 3604 pos-

329 3621 801 3691 hdgtm'?quodfiert'solelvt'ctime's?
849 3626 895 3670 ret.
917 3617 1035 3689 lneptnm
1060 3615 1137 3688 igitur
1163 3613 1227 3667 illusl
1249 3613 1363 3668 Triarii:

294 3698 389 3753 Debeo
399 3698 508 3766 l'ormula¹
518 3697 576 3750 vide
585 3697 801 3767 quaeBrissonins,
852 3699 1017 3764 «Antequam
1032 3695 1115 3760 serias,
1127 3693 1221 3765 respice
1233 3703 1338 3765 patrem,
1347 3713 1360 3737 ι

295 3777 366 3830 lib.l
382 3775 477 3847 egregii
489 3776 528 3830 sui
541 3775 622 3849 operis
641 3774 672 3827 sle
687 3774 801 3828 formulis
850 3791 911 3824 num
924 3771 987 3824 forte
1002 3769 1064 3824 rnibi
1081 3771 1185 3844 juveni,
1204 3783 1227 3844 et
1239 3771 1362 3844 sanguini

237 3909 238 3912 ,
293 3855 323 3906 P.
336 3853 368 3906 R.
379 3852 569 3924 diligentissime
582 3851 692 3923 collegit.
703 3853 738 3902 N.
750 3851 804 3902 Fa·
849 3868 895 3901 suo
911 3848 1031 3922 ignoscat
1045 3848 1112 3902 Nam
1130 3860 1186 3919 post
1198 3847 1266 3900 ‹lism
1278 3848 1362 3919 trige-

295 3934 387 3986 ben-
395 3930 481 3997 Quare
492 3928 558 3982 belle
569 3921 647 3980 Ovidi
662 3928 690 3980 in
705 3928 802 3980 Fastis:
850 3928 951 3993 simum,
962 3945 1013 3996 quo
1024 3925 1217 3999 fingunturbsec
1227 3923 1296 3991 lieri,
1307 3929 1365 4000 lege

297 4033 310 4058 α
320 4010 373 4079 Qui
388 4009 470 4063 ealislo
491 4009 588 4061 strictos
607 4007 730 4060 [moturus
748 4023 805 4060 san·
852 4003 980 4077 agebatur,
995 4023 1042 4057 nec
1057 4004 1109 4078 jam
1121 4003 1195 4076 patris
1206 4005 1234 4056 in
1244 4018 1365 4077 potestate

295 4085 372 4159 guina
387 4088 490 4154 cultros,
503 4086 609 4156 Semper
620 4096 711 4157 agatae
722 4102 805 4155 rogas,
853 4094 905 4138 erat
914 4084 1035 4150 sitnm‚ut
1044 4095 1155 4137 servaret
1163 4081 1256 4138 filium.
1264 4083 1366 4139 Salute

296 4183 342 4220 nce
352 4165 400 4219 nisi
410 4165 492 4239 jussus
501 4163 577 4238 agit.»
588 4162 691 4233 Agon'?
701 4162 749 4216 boe
760 4174 806 4227 est,
888 4161 912 4216 3.
925 4161 1001 4216 Bello
1012 4163 1129 4218 docismo
1139 4181 1203 4216 usus
1214 4173 1263 4216 est.
1275 4163 1307 4216 ld
1319 4177 1364 4230 est.
1401 4217 1408 4224 ,
