2842 4812
236 493 679 563 conraovnnsnauu
702 498 783 564 na.
809 496 874 583 111,
905 503 957 568 1s.
1067 504 1130 572 285

67 619 144 688 bello
160 620 258 689 civili
278 619 455 702 ordinem,
471 635 506 690 et
518 633 557 688 ut
570 619 643 706 bis,
659 623 720 715 qui
734 622 822 695 bene
836 622 879 696 de
892 627 1046 722 partibus
1060 655 1132 699 me·
1186 665 1188 671 v

66 752 212 820 ruerant,
232 739 381 832 gratiam
399 738 557 805 referret.
576 739 696 807 Cicero
711 742 747 808 in
760 758 940 838 utramque
955 769 1024 816 rem
1034 746 1131 839 joca·

65 869 120 936 tus,
138 855 232 923 misit
244 853 294 922 ad
309 854 490 923 Laberium
505 869 735 925 transeuntem
752 835 985 955 :Recepissem
1001 881 1047 947 te,
1064 866 1131 934 nisi

62 985 190 1064 anguste
209 970 383 1040 sederem.
403 969 569 1039 Laberius
583 969 627 1038 ad
643 972 842 1043 Ciceronem
859 978 1009 1046 remisit:
1024 981 1126 1074 Atqui

61 1085 136 1156 soles
153 1088 292 1158 duabus
310 1087 402 1156 sellis
425 1087 556 1156 sedere.
579 1087 671 1181 Quia
696 1091 816 1159 Cicero
835 1089 921 1161 male
941 1094 1123 1182 audiebat,

59 1219 205 1296 tauquam
224 1229 295 1274 nec
313 1207 474 1298 Pompeio
500 1217 613 1273 certus
640 1207 788 1285 amicus,
818 1231 882 1278 nec
900 1211 1044 1295 Caesari,
1065 1215 1126 1282 sed

59 1319 224 1414 utriusque
243 1310 422 1390 adulator.
447 1323 599 1412 Uterque
621 1321 870 1417 elegantissime
897 1349 905 1391 s
928 1324 986 1392 sed
1005 1343 1126 1396 neuter

58 1436 88 1503 in
100 1437 161 1508 boe
182 1462 315 1534 genere
338 1454 450 1506 servat
464 1433 612 1506 modum.
634 1437 688 1505 Ab
701 1438 755 1507 bis
769 1437 871 1533 hujus
885 1423 987 1510 studii
1001 1442 1123 1518 diffusa

59 1569 99 1622 est
115 1561 148 1624 in
164 1557 290 1650 plures
308 1556 464 1625 imitatio.

97 1673 157 1742 Sed
171 1689 212 1743 ut
225 1674 273 1744 ud
291 1675 555 1744 controversiam
572 1672 729 1756 redeam,
748 1673 878 1770 §rssrus
893 1676 1034 1744 Serenus
1050 1680 1121 1747 aie·

57 1785 118 1870 bat,
137 1791 275 1883 plaeere
298 1791 363 1859 sibi
380 1789 476 1858 illum
492 1789 637 1874 colorem
655 1791 766 1857 :Mori
780 1789 885 1858 volui.
902 1795 942 1860 Et
955 1794 1117 1886 quasdam

57 1901 126 1972 dixit
135 1907 223 1976 iuter
233 1905 478 2000 disputandum
493 1907 678 1974 sententias
691 1931 699 1972 ε
711 1907 847 1988 Tertio,
866 1909 1000 1999 inquit,
1011 1933 1115 2003 quum

55 2017 230 2105 abdicaret,
252 2021 387 2091 aiebam
407 2021 527 2090 :Nihil
541 2023 624 2089 tanti
643 2026 729 2107 est¹3
747 2021 917 2090 infelicem
936 2023 1024 2094 hanc
1042 2031 1116 2095 ani-¹

55 2157 146 2216 nam,
168 2163 271 2229 quam
292 2137 414 2206 totiens
433 2137 579 2228 exagitat
596 2150 693 2230 pater
710 2151 745 2204 et
761 2138 917 2224 infestat,
938 2143 1042 2212 semel
1059 2167 1114 2212 re-

54 2249 152 2342 cipiat.
177 2255 245 2324 Sed
272 2252 358 2322 illud
381 2277 498 2321 rursus
519 2250 654 2320 dicebat
672 2277 680 2320 ι
697 2251 784 2319 Mihi
804 2275 901 2322 serva
919 2256 1018 2325 istum
1035 2261 1111 2326 ani·

54 2386 146 2455 mum,
167 2369 271 2440 facies
290 2368 383 2463 qued
395 2369 489 2437 voles
501 2368 687 2437 absolutus.
703 2368 821 2460 Quare
836 2390 918 2462 ergo
933 2391 1025 2441 nunc
1038 2395 1107 2442 non

55 2490 201 2558 moreris?
224 2490 319 2558 dicet
339 2486 476 2580 aliquis.
497 2487 669 2568 Primum,
691 2508 760 2552 non
779 2509 912 2579 semper
930 2485 1021 2556 idem
1041 2495 1111 2558 mi-·

1 2687 3 2698 ,
54 2603 122 2671 teris
137 2604 219 2675 libet
237 2634 245 2674 :
263 2628 509 2696 nonnunquam
522 2603 620 2696 juvat
637 2625 714 2669 cum
734 2601 870 2670 fortuna
888 2625 949 2671 sua
961 2629 1107 2675 concur-
1136 2655 1140 2666 ·

53 2736 129 2800 rere,
147 2721 416 2814 illam-fatigare.
437 2718 571 2789 Deinde
590 2739 707 2787 verum
724 2719 793 2798 vis,
815 2741 921 2811 quare
938 2743 1006 2788 non
1033 2747 1107 2790 mo-

52 2827 107 2898 riar
123 2834 303 2904 interim²i
320 2837 402 2928 quia
415 2849 497 2928 puto
513 2849 547 2901 te
561 2831 660 2902 velle.
766 2904 773 2914 ,

90 2949 176 3022 Orno
196 2958 318 3023 Jonrus
347 2954 494 3046 ineptam
524 2952 725 3020 sententiam
753 2949 932 3018 videbatur
954 2950 1104 3024 dixisses

52 3063 112 3134 Non
122 3071 265 3141 multum
277 3071 519 3156 interestmea3
534 3084 592 3136 aut
604 3069 696 3136 enim
711 3089 781 3151 me,
798 3083 857 3138 aut
870 3069 978 3138 filium
992 3093 1102 3142 meum

52 3177 138 3251 voluit
150 3185 323 3256 occidere.

53 3365 102 3422 also
119 3375 228 3428 marsilia
251 3373 345 3426 Orator
361 3369 542 3444 appellaretur,
594 3367 673 3435 tanti,
687 3367 755 3438 quod
768 3367 872 3438 quidem
885 3371 1035 3444 investigare
1049 3375 1104 3426 aal-

54 3445 84 3499 ἸΙ
92 3469 117 3504 ta
125 3451 164 3505 lib.
173 3455 198 3508 11
211 3453 245 3505 de
253 3452 325 3505 Orat.
333 3461 437 3504 constal·
447 3447 543 3502 Scbott.
592 3468 636 3500 mo
647 3447 739 3520 possim
750 3484 757 3511 ,
769 3468 813 3500 cur
825 3448 909 3504 rivere
920 3451 1013 3526 potius,
1025 3475 1100 3528 quam

79 3544 97 3577 ¹·
107 3530 175 3586 Ntltt
184 3535 257 3588 tanti
267 3542 314 3584 est·
325 3528 391 3582 Filii
400 3527 455 3583 bne
466 3541 542 3590 sunt,
592 3523 659 3580 mori
671 3525 759 3578 velim.
772 3525 870 3581 Scbult.

55 3616 162 3676 mnam
177 3612 205 3666 in
225 3619 470 3680 utramquepartem
488 3617 544 3680 post
626 3626 649 3658 a.
675 3603 765 3674 Quare
785 3626 836 3657 non
856 3610 957 3658 nroriar
974 3611 1102 3666 interim?

54 3679 138 3748 ΠΜ
162 3688 373 3750 abdicationem,
395 3686 541 3756 priusquam
591 3677 951 3754 intermolestissimasjudicii
962 3683 1101 3754 huiusmo-

53 3765 221 3835 stntradirerat,
239 3763 301 3820 vita
316 3763 450 3816 commoda
462 3773 486 3814 et
497 3760 542 3814 iu·
590 3778 637 3812 ras.
648 3759 746 3830 Supra:
758 3761 814 3814 «lta
825 3761 874 3815 boc
886 3782 933 3834 ego
946 3761 1044 3836 judicio
1052 3763 1102 3817 filii

54 3835 255 3904 mdareeum
269 3839 544 3917 disputarit.Nibileat
589 3849 696 3890 mortem
707 3837 832 3893 morsele
846 3837 944 3894 Sabell.
