2874 4808
220 467 655 540 comnovnnsnaou
676 472 759 541 uu.
783 473 848 559 1v,
874 477 928 542 as.
1053 479 1117 565 aas

66 595 218 664 Timuisse
237 620 275 664 se
295 596 337 665 de
350 620 471 692 puero.
487 595 647 682 Frustra,
669 599 798 692 inquit,
817 593 901 671 duos
924 603 1119 675 ¹oooiderat

66 733 208 780 noverea.
220 714 264 780 Et
277 714 324 782 ait
342 739 350 780 :
366 714 497 784 Vellem
510 713 555 783 ad
575 737 634 782 vos
654 719 830 784 noeentior
848 717 999 786 venirem
1013 737 1116 808 reus,

65 823 171 893 vellem
186 841 256 895 tres
273 805 445 921 raperem..
1044 837 1052 854 ⁶

106 939 324 1012 tremimus
346 943 414 1012 boo
441 943 555 1014 colore
581 967 661 1014 usus
685 958 760 1030 est,
790 960 943 1038 rogatum
966 972 987 1017 a
1011 973 1118 1044 puero

64 1079 164 1126 atum.
183 1059 360 1154 Negabat,
382 1061 512 1153 inquit,
536 1082 634 1154 posse
652 1083 688 1128 se
702 1061 836 1144 vivere,
853 1063 881 1129 si
894 1063 930 1130 in
943 1062 1003 1132 illa
1014 1065 1119 1135 relin-

65 1189 210 1262 queretur
224 1171 339 1243 domo.

105 1287 255 1356 Hrsrsnus
280 1287 347 1357 boe
370 1288 483 1356 colore
513 1311 593 1356 usus
616 1303 684 1373 est,
710 1289 833 1360 affectu
857 1312 930 1361 esse
953 1291 1114 1364 ablatum.

64 1401 199 1490 Sustuli,
221 1405 359 1498 inquit,
377 1418 538 1497 nepotem
555 1426 678 1472 meum.
697 1405 773 1474 Non
787 1405 902 1496 potui,
920 1405 1049 1500 inquit,
1067 1433 1119 1476 sa-

65 1519 128 1590 tiari
149 1521 292 1607 osculis,
314 1545 382 1590 non
406 1521 501 1616 potui
524 1520 568 1588 ab
587 1518 646 1587 illo
665 1535 731 1586 tam
753 1520 820 1587 cito
836 1518 993 1590 distrahi.
1007 1524 1119 1593 Nolite

65 1637 165 1704 mirari
181 1663 188 1706 :
204 1653 281 1730 post
294 1635 433 1730 longum
448 1650 581 1729 tempus
598 1631 691 1702 illum
707 1633 872 1704 videram.

105 1752 257 1822 buarius
284 1752 351 1821 boc
379 1751 493 1821 colore
514 1775 596 1820 usus
620 1766 690 1838 est,
718 1768 756 1819 ut
780 1750 910 1821 diceret
935 1756 1119 1827 :Noluisse

66 1865 145 1936 illum
159 1871 193 1937 in
212 1885 279 1938 tam
300 1867 445 1937 inlausta
459 1865 559 1936 domo
574 1863 735 1952 educari,
751 1889 790 1936 ex
803 1891 870 1960 qua
886 1864 953 1937 duo
966 1870 1120 1962 jam'lra-

66 1983 205 2053 treselati
217 1999 331 2054 essem
348 2011 357 2053 ι
374 1983 407 2052 ei
433 1983 492 2074 qui
510 1999 626 2075 postea
640 1979 800 2067 decessit,
818 1984 908 2054 inter
920 2008 1036 2056 causas
1050 2011 1121 2058 mo-

25 2141 32 2158 ·
67 2097 160 2169 riendi
179 2124 293 2171 essum
320 2097 433 2167 fratris
455 2097 571 2166 luisse.
602 2099 644 2166 Et
667 2099 815 2168 servavit
831 2097 925 2170 bunc
944 2100 1117 2188 colorem,

66 2215 187 2307 nequid
200 2218 235 2286 in
247 2239 429 2286 noveream
437 2265 449 2302 ,
464 2213 607 2307 nequid
621 2201 801 2307 inpetrem
816 2215 946 2284 diceret
963 2243 971 2286 ε
988 2218 1117 2306 aiebat,

63 2331 267 2422 justissimum
285 2333 436 2402 futurum
454 2355 572 2416 arum,
592 2332 620 2399 si
643 2347 772 2401 tantum
790 2355 826 2400 se
848 2330 1035 2404 defendere
1052 2360 1119 2405 vo-

66 2443 177 2519 luisset.
197 2447 294 2545 Quid
308 2451 417 2545 ergo?
432 2471 537 2542 quare
552 2450 720 2542 rapuisti?
733 2447 898 2536 amabam,
913 2448 996 2520 buio
1009 2455 1121 2522 maxi·

65 2585 108 2633 ue
121 2567 160 2636 ab
177 2569 277 2638 initio
294 2568 444 2637 animum
467 2588 578 2636 meum
593 2562 800 2634 addixeram.
823 2567 864 2635 ln
888 2566 989 2638 domo
1007 2586 1120 2640 vestra

66 2678 137 2750 nibil
156 2700 278 2776 praeter
291 2686 397 2777 ipsam
411 2683 547 2752 domum
563 2681 674 2749 timui.
690 2682 726 2751 si
740 2681 833 2774 apud
846 2705 900 2753 me
918 2683 986 2752 duo
1000 2684 1118 2755 deces-

66 2791 191 2881 sinent,
219 2823 262 2870 ex
284 2799 385 2868 domo
411 2823 484 2868 mea
510 2798 605 2866 illum
628 2797 886 2866 transtulissem.
912 2799 1118 2870 Materterae
1235 2886 1238 2896 Ι

66 2907 201 2984 Munna
216 2915 331 2986 aiebat
354 2917 403 2984 sic
421 2935 577 2984 narrasse
595 2915 711 2982 :Puer
733 2935 788 2982 me
808 2923 944 2984 secutus
959 2899 1033 3002 est3
1049 2939 1118 2986 non

66 3027 206 3120 criminor
229 3030 329 3100 vobis
354 3029 473 3116 illum,
499 3026 670 3122 quidquid
688 3045 763 3112 est,
784 3031 1011 3124 potiusquam
1025 3032 1119 3104 illius

66 3145 196 3233 periculo
209 3149 270 3220 fiat
283 3176 291 3218 ε
306 3171 371 3242 ego
388 3149 498 3241 rapui.
512 3147 579 3218 Ubi
594 3147 666 3214 est?
677 3147 802 3238 inquit.
811 3149 915 3233 Vivit,
928 3147 1040 3220 salvus
1051 3168 1114 3238 est,

66 3263 141 3346 reni,
151 3289 252 3357 mum
268 3265 360 3333 voles
375 3263 540 3358 aspicere.
559 3259 691 3342 Redde,
709 3263 834 3354 inquit,
849 3267 937 3358 patri
954 3288 1027 3336 suo.
1043 3270 1116 3362 Ego

65 3385 182 3475 toper²l
200 3391 298 3482 Age,
315 3385 507 3456 monstrabo
527 3387 553 3453 si
572 3386 647 3466 vis,
674 3385 753 3478 quis
773 3402 850 3454 ante
877 3412 929 3456 me
952 3369 1014 3458 tibi
1027 3390 1118 3461 tilios
1217 3443 1222 3454 .

66 3495 232 3573 abstrderit.
306 3569 308 3574 .

67 3673 106 3717 lim
118 3682 143 3724 ut
156 3673 225 3727 istum
242 3695 357 3730 socerum
373 3695 458 3731 meum
476 3695 555 3728 seen·
604 3671 738 3726 sustulerst
756 3691 887 3732 noverea.
907 3675 1051 3748 scelereque
1072 3675 1115 3732 illa

65 3757 129 3798 nram
137 3786 145 3814 ,
154 3769 226 3820 quam
235 3765 264 3806 ut
272 3771 312 3805 me
321 3753 499 3818 defenderem,
509 3752 554 3822 qui
604 3761 676 3803 erent
686 3749 804 3824 gratuite,
814 3769 924 3821 quorum
935 3753 1045 3808 bustum
1054 3767 1116 3807 tuno

67 3817 278 3905 istisabsoergnor
288 3833 445 3887 criminibus.
455 3831 553 3901 Siquid
605 3825 714 3880 demum.
728 3841 780 3882 eret
797 3840 977 3897 consecutura,
992 3832 1013 3883 si
1027 3831 1114 3898 bane,

66 3903 210 3974 mutandum,
230 3909 365 3964 rescribam
387 3929 393 3963 ε
415 3909 458 3964 Sic
477 3912 557 3976 coegit
604 3923 680 3976 quem
690 3908 776 3978 rapui,
789 3919 965 3974 austratem,
978 3908 1116 3963 occidisset.

66 3981 135 4034 ”mite
144 4003 200 4050 non,
214 3999 260 4041 ete.
273 3986 373 4041 Setute
505 4034 509 4046 ,
604 3985 758 4056 Coniunctio
771 3985 877 4040 canulis
892 4005 943 4039 non
957 3986 1115 4061 ineleganter

95 4058 232 4128 thum,
242 4069 334 4136 inquit,
345 4069 411 4119 duos
420 4067 555 4120 occiderat.
605 4063 698 4117 omissa
711 4075 754 4117 est.
767 4063 866 4118 setus.

66 4129 148 4205 Tanto,
163 4140 258 4214 inquit,
277 4144 358 4216 magis
373 4141 448 4198 timui
461 4143 509 4197 boc
521 4143 555 4196 ds
639 4165 662 4196 α.
683 4145 788 4207 Redde,
802 4143 897 4211 inquit,
907 4143 982 4209 patri
990 4160 1045 4195 suo.
1059 4141 1116 4214 Ego

67 4228 142 4282 puero,
153 4221 210 4290 qnia
222 4221 283 4276 duos
296 4222 356 4275 istos
368 4219 440 4275 nullo
452 4221 555 4300 praemio
604 4219 698 4289 asper!
710 4233 756 4274 ete.
765 4217 936 4272 Vehementer
946 4235 985 4272 nte
996 4217 1038 4276 bie
1047 4219 1116 4276 loeus

134 4308 158 4370 l·
179 4312 514 4396 mcaepunsecuuda.
987 4311 1027 4375 25
