2874 4808
275 453 339 544 ³92
603 453 650 516 or.
677 449 823 517 mum
846 446 1024 517 saraam

276 595 351 674 post
368 577 458 648 bono
480 599 595 646 vocem
623 577 756 664 vicisse.
782 575 950 644 Amissum
974 575 1113 644 fratrom
1132 573 1227 646 flevit
1239 577 1277 644 in
1295 576 1351 646 iu·
1431 569 1433 642 i

154 697 158 708 ’
277 715 385 776 nere,
401 692 505 761 totius
518 689 636 786 populi
650 689 805 758 habitum
820 689 978 784 lucrymis
990 690 1061 758 suis
1075 691 1239 784 expressit
1255 715 1264 759 ι
1283 691 1350 760 ita·

275 831 346 902 que
357 807 450 892 illam
465 829 612 876 noveroa
626 807 725 899 pejus
737 806 854 899 perire
865 804 997 888 voluit,
1019 827 1119 898 quam
1132 806 1345 899 privignum.

276 927 387 1012 Filia,
403 922 532 1018 inquit,
548 925 683 994 conseia
699 937 761 992 est.
777 925 852 992 Hoc
866 921 1025 993 ultimum
1039 920 1103 991 fuit
1118 945 1276 992 noverea
1291 945 1351 994 re·

277 1041 452 1110 aeficium.

324 1156 372 1250 Q.
390 1157 543 1224 niman.
560 1153 756 1224 succurrite
769 1178 897 1247 quaeso,
915 1167 978 1240 be,
994 1177 1099 1247 quum
1114 1169 1202 1223 torta
1215 1155 1350 1247 sitque

277 1270 386 1340 filium
410 1293 522 1341 meum
540 1269 744 1360 occiderat,
759 1270 863 1340 filiam
893 1270 1018 1355 etiam
1047 1267 1127 1338 dum
1153 1285 1347 1363 torquetur,

277 1385 606 1458 oooiderit.Liberos
618 1408 751 1477 semper
761 1385 888 1469 effero,
904 1387 1004 1454 unius
1017 1385 1170 1455 mulieris
1182 1401 1243 1455 aut
1255 1410 1350 1457 meu-

277 1502 387 1589 daoio,
402 1519 461 1572 aut
472 1525 616 1574 veneno.
634 1504 710 1571 Nou
722 1502 782 1572 flet
793 1518 956 1597 quantum
970 1507 1038 1572 r'eae
1050 1504 1130 1571 satis
1141 1519 1205 1572 est.
1221 1503 1351 1598 Quem·

275 1619 460 1690 admodum
477 1619 527 1688 itti
543 1618 751 1710 extorquebo
765 1619 930 1712 lacrymas
941 1619 977 1686 ¹3¹
991 1619 1111 1688 afferte
1128 1617 1214 1688 mibi
1228 1621 1351 1716 imagi-

278 1761 356 1808 nem
382 1739 497 1807 fratris
523 1765 531 1806 :
562 1735 663 1807 rideo
687 1738 797 1807 subito
823 1736 994 1807 desiderio
1019 1738 1119 1808 fletus
1136 1741 1348 1830 concitatos,

278 1850 445 1946 numquid
459 1853 559 1922 talem
571 1854 716 1942 vultum,
730 1878 834 1947 quum
844 1869 953 1922 mater
964 1868 1193 1948 torqueretur,
1208 1854 1352 1925 babuit?

324 2019 439 2090 PARS
455 2019 651 2090 ALTERA.
666 2023 814 2090 Tmou.
832 2022 868 2091 si
883 2019 1068 2090 odissemus
1082 2037 1139 2106 te,
1155 2038 1351 2115 pateremur

277 2153 355 2201 oum
380 2130 546 2224 ejusmodi
572 2133 644 2201 filia
668 2135 796 2203 vivere.
825 2133 1058 2226 Quorumdam
1077 2134 1226 2204 ferarum
1246 2137 1350 2206 oatuli

277 2228 355 2316 oiim
370 2246 465 2315 rabie
478 2262 664 2316 nascuntur
677 2275 685 2315 ε
700 2271 833 2317 venena
846 2249 957 2317 statim
971 2271 992 2316 a
1006 2247 1179 2317 radicibus
1190 2250 1353 2343 pestifera

277 2378 371 2432 sunt.
386 2361 561 2456 Quantum
579 2363 630 2432 illi
645 2362 691 2432 ad
708 2365 838 2433 seelera
854 2364 960 2433 aetatis
979 2363 1127 2460 adjecit,
1150 2364 1246 2458 quod
1259 2367 1350 2437 iliam

223 2475 229 2484 ’
278 2504 425 2550 noverca
436 2481 594 2578 peperit?
606 2479 703 2574 Quid
714 2481 792 2568 ills,
808 2506 882 2574 quae
895 2480 1056 2551 fratrem²
1071 2484 1107 2552 in
1119 2505 1249 2552 moram
1263 2489 1351 2580 patri

277 2599 433 2691 sequenti
459 2600 609 2693 sparsit?
633 2599 803 2672 Habemus
828 2597 1041 2693 exemplum,
1067 2599 1159 2693 quod
1179 2618 1215 2670 et
1241 2605 1354 2674 sorori

278 2718 480 2800 conveniat,
497 2731 532 2785 et
550 2717 689 2810 virgini.

105 2871 117 2882 ³
199 2953 214 2980 δ
325 2881 507 2954 DIVISIO.
524 2881 663 2950 Casurus
674 2883 711 2950 in
728 2881 813 2953 duas
828 2899 942 2977 partos
952 2885 1183 2980 conjecturam
1207 2884 1351 2972 divisit,

279 3016 314 3068 et
329 2999 477 3092 primum
493 2999 662 3090 quesivit,
677 3000 732 3069 An
744 3002 879 3070 conseia
891 3001 942 3068 ilii
959 3025 1045 3095 opus
1060 3003 1163 3071 fuerit
1181 3030 1190 3069 :
1207 3002 1350 3088 deinde,

277 3115 314 3184 si
332 3137 417 3207 opus
434 3114 560 3199 fuerit,
582 3137 627 3184 an
655 3115 744 3185 bano
767 3116 941 3187 babuerit.
965 3120 1041 3186 Non
1064 3121 1212 3187 servavit
1237 3138 1352 3188 autom

279 3228 427 3299 modum.
448 3232 534 3300 Nam
554 3248 589 3302 et
607 3231 703 3303 illum
725 3232 837 3317 locum
859 3232 920 3303 diu
945 3235 1122 3320 tractavit,
1149 3237 1227 3303 Non
1254 3260 1354 3329 posse

277 3365 428 3412 sororem
450 3345 487 3412 in
509 3362 650 3414 mortem
667 3345 780 3413 fratris
800 3346 941 3440 impelli.
965 3349 1009 3414 Et
1028 3349 1151 3415 iterum
1167 3363 1238 3416 tam
1254 3349 1356 3442 puel·

278 3459 345 3528 lam
364 3460 472 3530 voluit
488 3461 615 3547 videri,
632 3478 668 3531 ut
688 3461 771 3531 nulli
788 3479 877 3531 esset
895 3462 1017 3533 idonea
1032 3464 1240 3534 ministerio.

327 3578 448 3671 Itaque
467 3577 718 3673 elegantissime
737 3579 915 3650 deridebat
929 3583 1112 3650 Morrrreos
1131 3583 1301 3652 Vomanus
1316 3585 1354 3652 in

315 3756 787 3831 r.Quemodmodomi11ieoetorqoe·
841 3783 855 3809 α
868 3761 905 3813 Ex
934 3760 1017 3814 Ponto
1042 3759 1131 3813 Medea
1154 3759 1198 3812 ins
1221 3762 1355 3830 quondam

165 3843 169 3849 '
278 3839 312 3890 bo
333 3838 496 3906 iuramus?
520 3835 615 3889 Confer
647 3855 706 3889 cum
733 3836 788 3911 bis,
840 3840 981 3914 profugisse
997 3838 1356 3912 dieiturtquempmdiraot

278 3915 484 3986 quodisitidem
493 3913 610 3969 Haterius
622 3913 789 3968 indivisione.
839 3915 866 3970 io
889 3917 963 3990 suga,
985 3916 1068 3970 fratris
1088 3916 1128 3969 soi
1145 3917 1262 3971 membre
1279 3919 1308 3969 in
1324 3919 1357 3971 iis

279 3993 378 4049 &dola
838 3993 913 4056 loeis,
928 4013 977 4064 que
995 4015 1022 4048 se
1039 4013 1128 4065 parens
1142 4007 1352 4066 prosequeretur,

313 4093 335 4125 ι.
349 4069 426 4143 Quid
435 4075 501 4138 tna,
513 4069 700 4140 qmsrotrem.
714 4068 789 4121 latol-
840 4070 997 4142 dissiperisse
1005 4110 1014 4134 ,
1027 4081 1057 4124 ut
1076 4087 1163 4122 eorum
1182 4070 1301 4124 collectio
1313 4070 1353 4124 di·

280 4147 575 4222 ligitbbsyrtum,quem
584 4147 674 4200 Medea
683 4147 787 4200 occidit.
839 4167 938 4222 speras,
954 4167 1097 4220 moerorque
1110 4145 1186 4219 petris
1197 4146 1352 4201 celeritatem

280 4228 319 4280 De
331 4247 379 4299 que
390 4227 426 4282 tie
434 4229 472 4282 Μ.
480 4229 580 4284 Tullius
591 4229 616 4281 in
629 4227 787 4283 Maniliana:
838 4227 1005 4302 persequendi
1016 4227 1184 4283 retardaret.»
1197 4225 1294 4282 sotere.
