2866 4814
304 387 366 456 108
605 383 668 455 M.
694 381 839 470 ANNAEI
862 381 1043 460 SENECAE

298 510 455 580 damnata
484 523 536 578 est
560 533 568 573 ε
591 507 723 582 habetis
749 508 939 600 judicium3
970 508 1100 601 dejecta
1132 526 1182 582 αι
1205 537 1212 578 :
1239 509 1378 582 habetis

302 624 503 716 exemplum·
974 649 977 654 '
1126 713 1130 720 ι

347 743 560 814 V1u11Gasc1
578 742 749 825 rsarrstio,
772 739 886 812 brevis
898 743 1062 834 expositio
1086 766 1199 814 rerum
1216 760 1280 813 est.
1296 743 1374 810 Ad-

298 857 481 930 versarium
495 857 614 929 incesti
630 857 827 948 postulavi,
843 837 1012 938 accusavi,
1029 857 1198 944 damnavi,
1215 859 1373 932 carnifici

302 969 426 1042 tradidi
445 998 453 1037 z
469 972 636 1064 permittis
644 973 715 1064 jam
726 972 845 1045 abeam
858 973 1079 1062 idemeston
1095 972 1238 1056 recede,
1254 997 1375 1044 eamus

299 1085 344 1153 ad
360 1085 604 1156 absolutionem
620 1103 735 1172 tuam3
753 1087 799 1154 ita
818 1086 866 1154 dii
887 1087 1077 1158 damnatum
1100 1086 1275 1159 absolvers
1298 1111 1376 1158 ma-

301 1202 412 1283 luere,
427 1226 527 1295 quam
540 1202 745 1272 sacerdotem
755 1205 770 1270 P
780 1204 863 1274 Sero
878 1204 1105 1286 innocentiam
1118 1203 1275 1293 demuma
1287 1228 1377 1275 eon-

301 1319 444 1410 cupisti,
467 1321 570 1390 vitam
587 1319 731 1410 dejecta.

347 1506 527 1590 ALTERA
551 1509 677 1576 PARS.
705 1509 791 1582 Smu
813 1510 939 1580 Seiam.
961 1513 1125 1578 Damnata
1142 1509 1273 1604 dejecta
1291 1526 1373 1577 est:

255 1655 258 1662 ⁴
303 1623 454 1691 absoluta
471 1623 660 1691 descendit.

350 1739 492 1808 Annam
510 1741 608 1808 Fusci
634 1761 755 1808 narsis.
784 1744 927 1809 Putares
948 1742 1094 1836 puellam
1125 1739 1275 1825 demitti,
1304 1767 1377 1816 non

305 1853 438 1923 cadere.

350 1973 535 2040 CnsrnPn.
547 1971 680 2044 Nullam
689 1972 838 2044 habebat
849 1975 989 2066 gratiam
1003 2002 1010 2040 :
1023 1975 1059 2040 in
1071 1973 1193 2067 templo
1204 1980 1217 2010 ²
1228 1977 1374 2060 vixerat3

303 2087 417 2179 itaque
433 2103 561 2162 tantum
578 2089 659 2156 deos
672 2087 861 2156 invocabat.
875 2093 946 2184 Lex
961 2091 1169 2160 sacerdotem
1182 2115 1252 2158 non
1267 2114 1380 2191 usque

282 2201 347 2290 ,ad
365 2229 477 2276 saxum
492 2205 666 2304 differret,
684 2207 749 2274 nisi
774 2223 984 2300 exspectaret
1000 2206 1141 2274 deorum
1158 2209 1376 2275 sententiam.

352 2321 701 2392 Continuuersamus
709 2321 890 2418 descripsit
902 2321 1115 2390 altitudinem
1127 2324 1262 2404 montis,
1273 2325 1377 2392 etiam

304 2461 422 2506 secure
448 2438 714 2533 despicientibus
730 2438 961 2525 horrendam
988 2458 1022 2506 et
1048 2439 1200 2532 adjecit:
1218 2416 1382 2507 Carnifex¹

305 2576 441 2646 quoque
459 2554 620 2626 recedens
636 2554 779 2655 impellit
793 2583 802 2643 3
821 2553 909 2620 nihil
929 2554 1009 2621 fecit
1026 2570 1186 2646 tanquam
1200 2555 1278 2633 rea,
1294 2577 1383 2624 con-

305 2679 416 2732 tumax
432 2683 482 2733 est
496 2669 706 2750 innocentie,
725 2683 823 2760 turpe
839 2667 980 2765 putabat
994 2666 1151 2736 sacerdos
1167 2667 1299 2760 rogari,
1311 2667 1382 2733 nisi

307 2781 401 2856 deos.

356 2899 529 2966 Masman.
558 2898 751 2967 Mirandum
775 2913 846 2981 est,
877 2903 905 2966 si
934 2921 1095 2995 oppresse
1119 2913 1170 2969 est
1186 2898 1284 2992 virgo
1307 2898 1385 2965 sine

308 3013 417 3102 gratia
430 3014 444 3078 P
458 3012 562 3106 Cujus
577 3015 667 3082 enim
683 3014 827 3106 genibus
841 3013 997 3085 submisit
1013 3037 1131 3082 manus
1144 3008 1180 3081 3Ρ
1197 3039 1300 3112 quem
1316 3013 1384 3082 de-

308 3121 448 3220 precata*
458 3146 525 3209 est,
543 3153 617 3223 quae
637 3131 731 3198 tande
746 3133 879 3226 rogavit
894 3131 996 3198 etiam
1016 3130 1126 3197 deos?

357 3241 535 3311 DIVISIO.
554 3247 664 3312 Ltrno
678 3246 715 3311 in
729 3246 789 3312 lias
808 3244 1012 3335 quaestiones
1025 3242 1160 3329 divisit3
1184 3244 1308 3318 Utrum
1328 3242 1383 3309 lex

312 3356 354 3424 de
378 3359 507 3426 incesta
533 3374 664 3428 tantum
694 3360 756 3442 sit,
785 3384 860 3458 quae
886 3359 1066 3450 dejiciatur
1084 3382 1152 3425 nee
1166 3374 1286 3455 pereat
1302 3385 1310 3426 z
1327 3357 1383 3425 An

346 3583 367 3615 ι.
380 3566 569 3623 Adversas-iam
581 3567 669 3618 incesti
680 3567 823 3634 postulavi.
871 3561 989 3636 gratiam.
999 3561 1081 3614 Simul
1092 3574 1176 3614 sutem
1185 3562 1385 3636 remoretmpi·

313 3641 356 3694 sie
367 3653 390 3691 et
400 3645 509 3704 θηλυκῶς
520 3641 610 3698 Cicero
621 3659 627 3694 :
639 3643 702 3698 «Est
710 3641 755 3700 tibi
766 3661 823 3715 gres
871 3641 973 3696 cionem
983 3639 1080 3694 incesti.
1090 3640 1188 3696 soluts.

313 3719 351 3773 vis
369 3720 512 3772 adversaria
526 3720 675 3787 constitute,
697 3730 721 3771 et
739 3731 823 3790 parete
905 3720 928 3772 3.
951 3718 1029 3782 Cujus
1050 3723 1117 3772 enim
1133 3719 1244 3789 gembres
1262 3718 1393 3771 submisit·

312 3795 468 3850 incredibilis
477 3796 782 3871 qrraedsmexspectatiom
791 3796 824 3848 sd
871 3799 991 3852 mamm?
1003 3798 1055 3866 Qui
1067 3797 1208 3874 supplicum
1221 3809 1304 3872 gestus
1318 3810 1384 3857 crat,

318 3875 454 3928 Curionem
466 3913 475 3942 ,
487 3875 530 3928 lib.
542 3875 574 3927 ll.
583 3877 647 3928 Item
656 3875 687 3927 de
698 3875 823 3937 Oratore,
872 3890 899 3928 ut
916 3895 999 3953 genua
1013 3875 1187 3948 attingerent,
1207 3887 1233 3926 et
1248 3894 1340 3928 manus
1357 3881 1400 3927 eo'

314 3953 358 4006 lib.
369 3955 411 4016 ll,
426 3966 449 4004 et
459 3973 504 4026 pro
516 3953 630 4008 Plancio.
640 3953 735 4008 Schott.
872 3955 1019 4016 tenderent,
1040 3967 1068 4019 ut
1088 3953 1215 4023 hodieque
1234 3951 1317 4007 Gallis
1333 3973 1387 4006 mos

348 4053 371 4084 a.
388 4033 425 4084 In
436 4036 532 4100 templo
549 4036 664 4094 vixerat.
683 4033 745 4089 Non
765 4051 822 4085 cunr
875 4045 917 4084 est.
929 4033 1033 4085 Plautus
1044 4031 1104 4084 item
1118 4031 1216 4092 Milite,
1231 4033 1351 4085 Rudente
1362 4043 1391 4084 et

313 4108 468 4180 hominibus,
483 4130 592 4184 quorum
608 4110 656 4163 sibi
673 4110 826 4184 siliungeret
873 4109 1035 4178 Trinummo.
1049 4109 1141 4163 Genua
1154 4109 1223 4162 enirn
1238 4109 1387 4168 inisericor-
