<?xml version="1.0" encoding="UTF-8"?>
<!DOCTYPE html PUBLIC "-//W3C//DTD XHTML 1.0 Transitional//EN"
    "http://www.w3.org/TR/xhtml1/DTD/xhtml1-transitional.dtd">
<html xmlns="http://www.w3.org/1999/xhtml" xml:lang="en" lang="en">
 <head>
  <title>
</title>
<meta http-equiv="Content-Type" content="text/html;charset=utf-8" />
  <meta name='ocr-system' content='tesseract 3.04.00' />
  <meta name='ocr-capabilities' content='ocr_page ocr_carea ocr_par ocr_line ocrx_word'/>
</head>
<body>
  <div class='ocr_page' id='page_1' title='image "./lannsenecparspr00bouigoog_0383.png"; bbox 0 0 2874 4808; ppageno 0'>
   <div class='ocr_carea' id='block_1_1' title="bbox 255 458 1147 559">
    <p class='ocr_par' dir='ltr' id='par_1_1' title="bbox 255 458 1147 559">
     <span class='ocr_line' id='line_1_1' title="bbox 255 458 1147 559; baseline 0.01 -33"><span class='ocrx_word' id='word_1_1' title='bbox 255 458 691 528; x_wconf 77' lang='lat' dir='ltr'><strong>cournovnnsunuu</strong></span> <span class='ocrx_word' id='word_1_2' title='bbox 716 463 797 530; x_wconf 81' lang='lat' dir='ltr'><strong>un.</strong></span> <span class='ocrx_word' id='word_1_3' title='bbox 823 465 890 546; x_wconf 74' lang='grc' dir='ltr'><strong>ιν,</strong></span> <span class='ocrx_word' id='word_1_4' title='bbox 920 489 972 556; x_wconf 67' lang='grc' dir='ltr'><strong>η.</strong></span> <span class='ocrx_word' id='word_1_5' title='bbox 1087 468 1147 559; x_wconf 82' lang='lat'><strong>371</strong></span> 
     </span>
    </p>
   </div>
   <div class='ocr_carea' id='block_1_2' title="bbox 22 585 1249 3582">
    <p class='ocr_par' dir='ltr' id='par_1_2' title="bbox 68 585 1157 1031">
     <span class='ocr_line' id='line_1_2' title="bbox 68 585 1153 688; baseline 0.006 -30"><span class='ocrx_word' id='word_1_6' title='bbox 68 587 237 658; x_wconf 78' lang='lat' dir='ltr'><strong>hercules</strong></span> <span class='ocrx_word' id='word_1_7' title='bbox 256 587 361 655; x_wconf 81' lang='lat' dir='ltr'><strong>frater</strong></span> <span class='ocrx_word' id='word_1_8' title='bbox 377 610 445 657; x_wconf 88' lang='lat' dir='ltr'><strong>non</strong></span> <span class='ocrx_word' id='word_1_9' title='bbox 462 585 607 654; x_wconf 85' lang='lat' dir='ltr'><strong>adesset.</strong></span> <span class='ocrx_word' id='word_1_10' title='bbox 630 588 804 672; x_wconf 72' lang='lat' dir='ltr'>Habuisti,</span> <span class='ocrx_word' id='word_1_11' title='bbox 828 591 919 684; x_wconf 87' lang='lat' dir='ltr'><strong>quod</strong></span> <span class='ocrx_word' id='word_1_12' title='bbox 938 607 1084 681; x_wconf 75' lang='lat' dir='ltr'><strong>tyranno</strong></span> <span class='ocrx_word' id='word_1_13' title='bbox 1096 596 1153 688; x_wconf 79' lang='lat' dir='ltr'><strong>ja-</strong></span> 
     </span>
     <span class='ocr_line' id='line_1_3' title="bbox 72 702 1154 797; baseline 0.001 -21"><span class='ocrx_word' id='word_1_14' title='bbox 72 721 206 792; x_wconf 79' lang='lat' dir='ltr'><strong>ctares3</strong></span> <span class='ocrx_word' id='word_1_15' title='bbox 228 705 334 774; x_wconf 83' lang='lat' dir='ltr'><strong>irater</strong></span> <span class='ocrx_word' id='word_1_16' title='bbox 350 702 469 772; x_wconf 86' lang='lat' dir='ltr'><strong>maluit</strong></span> <span class='ocrx_word' id='word_1_17' title='bbox 487 703 587 770; x_wconf 89' lang='lat' dir='ltr'><strong>mori.</strong></span> <span class='ocrx_word' id='word_1_18' title='bbox 606 702 776 797; x_wconf 86' lang='lat' dir='ltr'><strong>Quisquis</strong></span> <span class='ocrx_word' id='word_1_19' title='bbox 792 705 972 777; x_wconf 81' lang='lat' dir='ltr'><strong>oaedendus</strong></span> <span class='ocrx_word' id='word_1_20' title='bbox 986 723 1077 793; x_wconf 86' lang='lat' dir='ltr'><strong>erat,</strong></span> <span class='ocrx_word' id='word_1_21' title='bbox 1098 713 1154 780; x_wconf 90' lang='lat' dir='ltr'><strong>isti</strong></span> 
     </span>
     <span class='ocr_line' id='line_1_4' title="bbox 72 821 1157 919; baseline 0.005 -29"><span class='ocrx_word' id='word_1_22' title='bbox 72 822 292 892; x_wconf 75' lang='lat' dir='ltr'><strong>tradebatur.</strong></span> <span class='ocrx_word' id='word_1_23' title='bbox 306 821 514 912; x_wconf 70' lang='lat' dir='ltr'><strong>,Tyrannum</strong></span> <span class='ocrx_word' id='word_1_24' title='bbox 523 869 536 904; x_wconf 89' lang='lat'><strong>,</strong></span> <span class='ocrx_word' id='word_1_25' title='bbox 556 821 668 911; x_wconf 91' lang='lat' dir='ltr'><strong>inquit</strong></span> <span class='ocrx_word' id='word_1_26' title='bbox 677 872 688 906; x_wconf 91' lang='lat'><strong>,</strong></span> <span class='ocrx_word' id='word_1_27' title='bbox 708 822 837 911; x_wconf 82' lang='lat' dir='ltr'><strong>oecidi3</strong></span> <span class='ocrx_word' id='word_1_28' title='bbox 852 839 887 891; x_wconf 87' lang='lat' dir='ltr'><strong>at</strong></span> <span class='ocrx_word' id='word_1_29' title='bbox 900 841 1030 919; x_wconf 84' lang='lat' dir='ltr'><strong>patrem</strong></span> <span class='ocrx_word' id='word_1_30' title='bbox 1045 851 1157 919; x_wconf 84' lang='lat' dir='ltr'><strong>qusn-</strong></span> 
     </span>
     <span class='ocr_line' id='line_1_5' title="bbox 72 935 599 1031; baseline -0.009 -23"><span class='ocrx_word' id='word_1_31' title='bbox 72 939 146 1008; x_wconf 91' lang='lat' dir='ltr'><strong>tulo</strong></span> <span class='ocrx_word' id='word_1_32' title='bbox 166 942 282 1007; x_wconf 87' lang='lat' dir='ltr'><strong>minus</strong></span> <span class='ocrx_word' id='word_1_33' title='bbox 300 961 402 1031; x_wconf 85' lang='lat' dir='ltr'><strong>quam</strong></span> <span class='ocrx_word' id='word_1_34' title='bbox 422 935 599 1005; x_wconf 83' lang='lat' dir='ltr'><strong>occidisti?</strong></span> 
     </span>
    </p>

    <p class='ocr_par' dir='ltr' id='par_1_3' title="bbox 74 1051 1246 2077">
     <span class='ocr_line' id='line_1_6' title="bbox 120 1051 1154 1154; baseline 0.006 -30"><span class='ocrx_word' id='word_1_35' title='bbox 120 1059 272 1127; x_wconf 77' lang='lat' dir='ltr'><strong>Pournrr</strong></span> <span class='ocrx_word' id='word_1_36' title='bbox 284 1055 427 1123; x_wconf 75' lang='lat' dir='ltr'><strong>Snours.</strong></span> <span class='ocrx_word' id='word_1_37' title='bbox 441 1051 583 1120; x_wconf 79' lang='lat' dir='ltr'>Gaudeo</span> <span class='ocrx_word' id='word_1_38' title='bbox 594 1055 629 1119; x_wconf 92' lang='lat' dir='ltr'><strong>in</strong></span> <span class='ocrx_word' id='word_1_39' title='bbox 640 1053 809 1123; x_wconf 72' lang='lat' dir='ltr'><strong>subselliis</strong></span> <span class='ocrx_word' id='word_1_40' title='bbox 819 1057 916 1125; x_wconf 90' lang='lat' dir='ltr'><strong>istius</strong></span> <span class='ocrx_word' id='word_1_41' title='bbox 926 1081 999 1128; x_wconf 84' lang='lat' dir='ltr'><strong>esse</strong></span> <span class='ocrx_word' id='word_1_42' title='bbox 1008 1077 1154 1154; x_wconf 81' lang='lat' dir='ltr'><strong>patrem3</strong></span> 
     </span>
     <span class='ocr_line' id='line_1_7' title="bbox 74 1168 1157 1270; baseline 0.002 -27"><span class='ocrx_word' id='word_1_43' title='bbox 74 1171 251 1266; x_wconf 89' lang='lat' dir='ltr'><strong>quomodo</strong></span> <span class='ocrx_word' id='word_1_44' title='bbox 269 1169 360 1238; x_wconf 90' lang='lat' dir='ltr'><strong>enim</strong></span> <span class='ocrx_word' id='word_1_45' title='bbox 376 1168 476 1236; x_wconf 85' lang='lat' dir='ltr'><strong>aliter</strong></span> <span class='ocrx_word' id='word_1_46' title='bbox 493 1169 632 1236; x_wconf 83' lang='lat' dir='ltr'><strong>efficere</strong></span> <span class='ocrx_word' id='word_1_47' title='bbox 648 1172 851 1263; x_wconf 86' lang='lat' dir='ltr'><strong>potuissem,</strong></span> <span class='ocrx_word' id='word_1_48' title='bbox 872 1191 908 1242; x_wconf 91' lang='lat' dir='ltr'><strong>nt</strong></span> <span class='ocrx_word' id='word_1_49' title='bbox 923 1175 1066 1246; x_wconf 84' lang='lat' dir='ltr'><strong>vulnera</strong></span> <span class='ocrx_word' id='word_1_50' title='bbox 1082 1180 1157 1270; x_wconf 85' lang='lat' dir='ltr'><strong>ejus</strong></span> 
     </span>
     <span class='ocr_line' id='line_1_8' title="bbox 74 1285 1156 1388; baseline 0.006 -30"><span class='ocrx_word' id='word_1_51' title='bbox 74 1288 280 1358; x_wconf 75' lang='lat' dir='ltr'><strong>rideretis¹l</strong></span> <span class='ocrx_word' id='word_1_52' title='bbox 291 1290 369 1354; x_wconf 91' lang='lat' dir='ltr'><strong>Non</strong></span> <span class='ocrx_word' id='word_1_53' title='bbox 386 1286 528 1353; x_wconf 87' lang='lat' dir='ltr'><strong>multum</strong></span> <span class='ocrx_word' id='word_1_54' title='bbox 545 1285 651 1354; x_wconf 79' lang='lat' dir='ltr'><strong>refert</strong></span> <span class='ocrx_word' id='word_1_55' title='bbox 666 1311 753 1371; x_wconf 88' lang='lat' dir='ltr'><strong>mea,</strong></span> <span class='ocrx_word' id='word_1_56' title='bbox 770 1289 830 1356; x_wconf 93' lang='lat' dir='ltr'><strong>ubi</strong></span> <span class='ocrx_word' id='word_1_57' title='bbox 845 1293 906 1379; x_wconf 80' lang='lat' dir='ltr'><strong>sit3</strong></span> <span class='ocrx_word' id='word_1_58' title='bbox 922 1291 966 1359; x_wconf 86' lang='lat' dir='ltr'><strong>ab</strong></span> <span class='ocrx_word' id='word_1_59' title='bbox 978 1292 1044 1362; x_wconf 85' lang='lat' dir='ltr'><strong>bne</strong></span> <span class='ocrx_word' id='word_1_60' title='bbox 1060 1313 1156 1388; x_wconf 89' lang='lat' dir='ltr'><strong>parte</strong></span> 
     </span>
     <span class='ocr_line' id='line_1_9' title="bbox 76 1401 1157 1500; baseline 0.004 -25"><span class='ocrx_word' id='word_1_61' title='bbox 76 1407 212 1476; x_wconf 83' lang='lat' dir='ltr'><strong>crimen</strong></span> <span class='ocrx_word' id='word_1_62' title='bbox 235 1404 415 1495; x_wconf 80' lang='lat' dir='ltr'><strong>objicitur,</strong></span> <span class='ocrx_word' id='word_1_63' title='bbox 436 1401 554 1472; x_wconf 78' lang='lat' dir='ltr'><strong>abillo</strong></span> <span class='ocrx_word' id='word_1_64' title='bbox 573 1402 776 1474; x_wconf 76' lang='lat' dir='ltr'><strong>ostenditur.</strong></span> <span class='ocrx_word' id='word_1_65' title='bbox 797 1401 945 1474; x_wconf 85' lang='lat' dir='ltr'><strong>Gravior</strong></span> <span class='ocrx_word' id='word_1_66' title='bbox 968 1411 1063 1500; x_wconf 71' lang='lat' dir='ltr'><strong>teetis</strong></span> <span class='ocrx_word' id='word_1_67' title='bbox 1082 1433 1157 1479; x_wconf 86' lang='lat' dir='ltr'><strong>esse</strong></span> 
     </span>
     <span class='ocr_line' id='line_1_10' title="bbox 77 1520 1158 1614; baseline 0.005 -25"><span class='ocrx_word' id='word_1_68' title='bbox 77 1521 186 1604; x_wconf 81' lang='lat' dir='ltr'><strong>solet,</strong></span> <span class='ocrx_word' id='word_1_69' title='bbox 210 1520 307 1611; x_wconf 84' lang='lat' dir='ltr'><strong>quia</strong></span> <span class='ocrx_word' id='word_1_70' title='bbox 327 1543 387 1587; x_wconf 88' lang='lat' dir='ltr'><strong>reo</strong></span> <span class='ocrx_word' id='word_1_71' title='bbox 405 1520 527 1610; x_wconf 77' lang='lat' dir='ltr'><strong>surgit.</strong></span> <span class='ocrx_word' id='word_1_72' title='bbox 546 1520 640 1588; x_wconf 83' lang='lat' dir='ltr'><strong>Talis</strong></span> <span class='ocrx_word' id='word_1_73' title='bbox 654 1544 795 1612; x_wconf 85' lang='lat' dir='ltr'><strong>prorsus</strong></span> <span class='ocrx_word' id='word_1_74' title='bbox 809 1538 919 1614; x_wconf 85' lang='lat' dir='ltr'><strong>pater,</strong></span> <span class='ocrx_word' id='word_1_75' title='bbox 942 1547 1044 1614; x_wconf 88' lang='lat' dir='ltr'><strong>quem</strong></span> <span class='ocrx_word' id='word_1_76' title='bbox 1057 1548 1158 1594; x_wconf 88' lang='lat' dir='ltr'><strong>nemo</strong></span> 
     </span>
     <span class='ocr_line' id='line_1_11' title="bbox 75 1634 1154 1732; baseline 0.004 -26"><span class='ocrx_word' id='word_1_77' title='bbox 75 1637 165 1706; x_wconf 85' lang='lat' dir='ltr'><strong>alius</strong></span> <span class='ocrx_word' id='word_1_78' title='bbox 193 1653 307 1730; x_wconf 86' lang='lat' dir='ltr'><strong>posset</strong></span> <span class='ocrx_word' id='word_1_79' title='bbox 332 1634 487 1718; x_wconf 81' lang='lat' dir='ltr'><strong>eaedere,</strong></span> <span class='ocrx_word' id='word_1_80' title='bbox 514 1637 580 1702; x_wconf 84' lang='lat' dir='ltr'><strong>nisi</strong></span> <span class='ocrx_word' id='word_1_81' title='bbox 609 1639 738 1704; x_wconf 86' lang='lat' dir='ltr'><strong>amiens</strong></span> <span class='ocrx_word' id='word_1_82' title='bbox 765 1660 838 1705; x_wconf 88' lang='lat' dir='ltr'><strong>esse</strong></span> <span class='ocrx_word' id='word_1_83' title='bbox 863 1653 976 1732; x_wconf 85' lang='lat' dir='ltr'><strong>posset</strong></span> <span class='ocrx_word' id='word_1_84' title='bbox 1003 1642 1154 1732; x_wconf 79' lang='lat' dir='ltr'><strong>tyranni.</strong></span> 
     </span>
     <span class='ocr_line' id='line_1_12' title="bbox 76 1750 1246 1848; baseline 0.003 -27"><span class='ocrx_word' id='word_1_85' title='bbox 76 1757 203 1822; x_wconf 77' lang='lat' dir='ltr'><strong>Frater</strong></span> <span class='ocrx_word' id='word_1_86' title='bbox 216 1753 336 1846; x_wconf 87' lang='lat' dir='ltr'><strong>periit,</strong></span> <span class='ocrx_word' id='word_1_87' title='bbox 357 1775 402 1818; x_wconf 87' lang='lat' dir='ltr'><strong>ne</strong></span> <span class='ocrx_word' id='word_1_88' title='bbox 419 1750 641 1844; x_wconf 88' lang='lat' dir='ltr'><strong>parricidium</strong></span> <span class='ocrx_word' id='word_1_89' title='bbox 658 1769 716 1819; x_wconf 86' lang='lat' dir='ltr'><strong>aut</strong></span> <span class='ocrx_word' id='word_1_90' title='bbox 731 1753 869 1838; x_wconf 83' lang='lat' dir='ltr'><strong>faceret,</strong></span> <span class='ocrx_word' id='word_1_91' title='bbox 886 1771 946 1823; x_wconf 88' lang='lat' dir='ltr'><strong>sut</strong></span> <span class='ocrx_word' id='word_1_92' title='bbox 957 1753 1105 1825; x_wconf 85' lang='lat' dir='ltr'><strong>videret.</strong></span> <span class='ocrx_word' id='word_1_93' title='bbox 1119 1757 1160 1825; x_wconf 93' lang='lat' dir='ltr'><strong>In</strong></span> <span class='ocrx_word' id='word_1_94' title='bbox 1230 1815 1246 1848; x_wconf 56' lang='lat' dir='ltr'><em>a</em></span> 
     </span>
     <span class='ocr_line' id='line_1_13' title="bbox 76 1865 1159 1963; baseline 0.005 -29"><span class='ocrx_word' id='word_1_95' title='bbox 76 1867 135 1936; x_wconf 89' lang='lat' dir='ltr'><strong>illa</strong></span> <span class='ocrx_word' id='word_1_96' title='bbox 159 1867 350 1960; x_wconf 67' lang='lat' dir='ltr'><strong>praecipitia</strong></span> <span class='ocrx_word' id='word_1_97' title='bbox 372 1889 441 1931; x_wconf 91' lang='lat' dir='ltr'><strong>non</strong></span> <span class='ocrx_word' id='word_1_98' title='bbox 464 1865 599 1944; x_wconf 89' lang='lat' dir='ltr'><strong>minus,</strong></span> <span class='ocrx_word' id='word_1_99' title='bbox 626 1868 784 1959; x_wconf 88' lang='lat' dir='ltr'><strong>inquam,</strong></span> <span class='ocrx_word' id='word_1_100' title='bbox 801 1869 941 1938; x_wconf 89' lang='lat' dir='ltr'><strong>fratrem</strong></span> <span class='ocrx_word' id='word_1_101' title='bbox 957 1869 1045 1962; x_wconf 80' lang='lat' dir='ltr'><strong>fugit</strong></span> <span class='ocrx_word' id='word_1_102' title='bbox 1057 1895 1159 1963; x_wconf 85' lang='lat' dir='ltr'><strong>quam</strong></span> 
     </span>
     <span class='ocr_line' id='line_1_14' title="bbox 78 2003 279 2077; baseline -0.01 -25"><span class='ocrx_word' id='word_1_103' title='bbox 78 2003 279 2077; x_wconf 75' lang='lat' dir='ltr'><strong>tyrannum.</strong></span> 
     </span>
    </p>

    <p class='ocr_par' dir='ltr' id='par_1_4' title="bbox 80 2095 1164 2526">
     <span class='ocr_line' id='line_1_15' title="bbox 126 2095 1161 2194; baseline 0.005 -27"><span class='ocrx_word' id='word_1_104' title='bbox 126 2101 289 2167; x_wconf 78' lang='lat' dir='ltr'><strong>Connnnrr</strong></span> <span class='ocrx_word' id='word_1_105' title='bbox 305 2098 453 2164; x_wconf 81' lang='lat' dir='ltr'><strong>Hrsrsnr.</strong></span> <span class='ocrx_word' id='word_1_106' title='bbox 479 2095 716 2165; x_wconf 73' lang='lat' dir='ltr'><strong>Descendebat</strong></span> <span class='ocrx_word' id='word_1_107' title='bbox 733 2116 894 2168; x_wconf 88' lang='lat' dir='ltr'><strong>cruentus</strong></span> <span class='ocrx_word' id='word_1_108' title='bbox 910 2119 1022 2194; x_wconf 87' lang='lat' dir='ltr'><strong>pater,</strong></span> <span class='ocrx_word' id='word_1_109' title='bbox 1043 2119 1161 2172; x_wconf 84' lang='lat' dir='ltr'><strong>vexato</strong></span> 
     </span>
     <span class='ocr_line' id='line_1_16' title="bbox 80 2211 1162 2307; baseline 0.007 -27"><span class='ocrx_word' id='word_1_110' title='bbox 80 2214 298 2303; x_wconf 81' lang='lat' dir='ltr'><strong>laceratoque</strong></span> <span class='ocrx_word' id='word_1_111' title='bbox 312 2235 455 2303; x_wconf 86' lang='lat' dir='ltr'><strong>corpore</strong></span> <span class='ocrx_word' id='word_1_112' title='bbox 468 2212 524 2278; x_wconf 83' lang='lat' dir='ltr'><strong>vix</strong></span> <span class='ocrx_word' id='word_1_113' title='bbox 537 2211 772 2303; x_wconf 79' lang='lat' dir='ltr'><strong>agnoscendus</strong></span> <span class='ocrx_word' id='word_1_114' title='bbox 789 2241 796 2280; x_wconf 76' lang='grc' dir='ltr'>ε</span> <span class='ocrx_word' id='word_1_115' title='bbox 811 2231 948 2307; x_wconf 84' lang='lat' dir='ltr'><strong>putares</strong></span> <span class='ocrx_word' id='word_1_116' title='bbox 962 2216 1047 2286; x_wconf 90' lang='lat' dir='ltr'><strong>duos</strong></span> <span class='ocrx_word' id='word_1_117' title='bbox 1058 2216 1162 2288; x_wconf 85' lang='lat' dir='ltr'><strong>fuisso</strong></span> 
     </span>
     <span class='ocr_line' id='line_1_17' title="bbox 81 2325 1164 2424; baseline 0.006 -27"><span class='ocrx_word' id='word_1_118' title='bbox 81 2331 142 2424; x_wconf 86' lang='lat' dir='ltr'><strong>qui</strong></span> <span class='ocrx_word' id='word_1_119' title='bbox 166 2328 393 2412; x_wconf 68' lang='lat' dir='ltr'><strong>cecidissent,</strong></span> <span class='ocrx_word' id='word_1_120' title='bbox 421 2327 501 2395; x_wconf 86' lang='lat' dir='ltr'><strong>lecit</strong></span> <span class='ocrx_word' id='word_1_121' title='bbox 524 2326 616 2418; x_wconf 91' lang='lat' dir='ltr'><strong>quod</strong></span> <span class='ocrx_word' id='word_1_122' title='bbox 644 2325 813 2416; x_wconf 76' lang='lat' dir='ltr'><strong>debebat3</strong></span> <span class='ocrx_word' id='word_1_123' title='bbox 833 2331 891 2422; x_wconf 88' lang='lat' dir='ltr'><strong>qui</strong></span> <span class='ocrx_word' id='word_1_124' title='bbox 913 2346 1045 2423; x_wconf 84' lang='lat' dir='ltr'><strong>putrem</strong></span> <span class='ocrx_word' id='word_1_125' title='bbox 1067 2335 1164 2402; x_wconf 89' lang='lat' dir='ltr'><strong>ceci-</strong></span> 
     </span>
     <span class='ocr_line' id='line_1_18' title="bbox 83 2442 529 2526; baseline -0.016 -10"><span class='ocrx_word' id='word_1_126' title='bbox 83 2447 204 2526; x_wconf 85' lang='lat' dir='ltr'><strong>derat,</strong></span> <span class='ocrx_word' id='word_1_127' title='bbox 226 2447 370 2512; x_wconf 84' lang='lat' dir='ltr'><strong>amicum</strong></span> <span class='ocrx_word' id='word_1_128' title='bbox 391 2442 529 2511; x_wconf 88' lang='lat' dir='ltr'><strong>occidit.</strong></span> 
     </span>
    </p>

    <p class='ocr_par' dir='ltr' id='par_1_5' title="bbox 22 2561 1249 3582">
     <span class='ocr_line' id='line_1_19' title="bbox 130 2561 1160 2657; baseline 0.006 -27"><span class='ocrx_word' id='word_1_129' title='bbox 130 2563 248 2630; x_wconf 79' lang='lat' dir='ltr'><strong>Cnsnrr</strong></span> <span class='ocrx_word' id='word_1_130' title='bbox 272 2561 339 2630; x_wconf 83' lang='lat' dir='ltr'><strong>Pu.</strong></span> <span class='ocrx_word' id='word_1_131' title='bbox 362 2563 454 2652; x_wconf 78' lang='lat' dir='ltr'><strong>Ego,</strong></span> <span class='ocrx_word' id='word_1_132' title='bbox 478 2561 607 2651; x_wconf 85' lang='lat' dir='ltr'><strong>inquit,</strong></span> <span class='ocrx_word' id='word_1_133' title='bbox 628 2583 731 2627; x_wconf 85' lang='lat' dir='ltr'><strong>caesus</strong></span> <span class='ocrx_word' id='word_1_134' title='bbox 749 2584 843 2646; x_wconf 65' lang='lat' dir='ltr'><strong>sum,</strong></span> <span class='ocrx_word' id='word_1_135' title='bbox 863 2585 994 2653; x_wconf 85' lang='lat' dir='ltr'><strong>poenem</strong></span> <span class='ocrx_word' id='word_1_136' title='bbox 1011 2569 1160 2657; x_wconf 84' lang='lat' dir='ltr'><strong>remitto.</strong></span> 
     </span>
     <span class='ocr_line' id='line_1_20' title="bbox 81 2675 1158 2770; baseline 0.002 -23"><span class='ocrx_word' id='word_1_137' title='bbox 81 2681 243 2760; x_wconf 82' lang='lat' dir='ltr'><strong>Mirarer,</strong></span> <span class='ocrx_word' id='word_1_138' title='bbox 257 2677 322 2744; x_wconf 88' lang='lat' dir='ltr'><strong>nisi</strong></span> <span class='ocrx_word' id='word_1_139' title='bbox 336 2700 397 2770; x_wconf 89' lang='lat' dir='ltr'><strong>pro</strong></span> <span class='ocrx_word' id='word_1_140' title='bbox 412 2693 479 2744; x_wconf 84' lang='lat' dir='ltr'><strong>tam</strong></span> <span class='ocrx_word' id='word_1_141' title='bbox 490 2675 581 2744; x_wconf 91' lang='lat' dir='ltr'><strong>bono</strong></span> <span class='ocrx_word' id='word_1_142' title='bbox 592 2692 688 2768; x_wconf 85' lang='lat' dir='ltr'><strong>patre</strong></span> <span class='ocrx_word' id='word_1_143' title='bbox 702 2675 834 2763; x_wconf 85' lang='lat' dir='ltr'><strong>fuisset,</strong></span> <span class='ocrx_word' id='word_1_144' title='bbox 852 2680 912 2769; x_wconf 93' lang='lat' dir='ltr'><strong>qui</strong></span> <span class='ocrx_word' id='word_1_145' title='bbox 924 2679 1010 2746; x_wconf 89' lang='lat' dir='ltr'><strong>mori</strong></span> <span class='ocrx_word' id='word_1_146' title='bbox 1026 2681 1158 2749; x_wconf 77' lang='lat' dir='ltr'><strong>&#39;vellet</strong></span> 
     </span>
     <span class='ocr_line' id='line_1_21' title="bbox 22 2790 1167 2888; baseline 0 -25"><span class='ocrx_word' id='word_1_147' title='bbox 22 2839 25 2846; x_wconf 94' lang='lat'>·</span> <span class='ocrx_word' id='word_1_148' title='bbox 82 2795 220 2888; x_wconf 79' lang='lat' dir='ltr'><strong>Dignus</strong></span> <span class='ocrx_word' id='word_1_149' title='bbox 240 2807 291 2859; x_wconf 91' lang='lat' dir='ltr'><strong>est</strong></span> <span class='ocrx_word' id='word_1_150' title='bbox 309 2816 409 2882; x_wconf 87' lang='lat' dir='ltr'><strong>quem</strong></span> <span class='ocrx_word' id='word_1_151' title='bbox 426 2793 570 2860; x_wconf 87' lang='lat' dir='ltr'><strong>invitum</strong></span> <span class='ocrx_word' id='word_1_152' title='bbox 587 2790 781 2858; x_wconf 82' lang='lat' dir='ltr'><strong>vindicetis.</strong></span> <span class='ocrx_word' id='word_1_153' title='bbox 798 2791 894 2857; x_wconf 87' lang='lat' dir='ltr'><strong>Itane</strong></span> <span class='ocrx_word' id='word_1_154' title='bbox 908 2792 1000 2884; x_wconf 82' lang='lat' dir='ltr'><strong>apud</strong></span> <span class='ocrx_word' id='word_1_155' title='bbox 1012 2817 1072 2862; x_wconf 84' lang='lat' dir='ltr'><strong>vos</strong></span> <span class='ocrx_word' id='word_1_156' title='bbox 1085 2812 1167 2863; x_wconf 83' lang='lat' dir='ltr'><strong>tsn-</strong></span> 
     </span>
     <span class='ocr_line' id='line_1_22' title="bbox 80 2897 1165 3002; baseline -0.001 -23"><span class='ocrx_word' id='word_1_157' title='bbox 80 2929 153 2979; x_wconf 93' lang='lat' dir='ltr'><strong>tum</strong></span> <span class='ocrx_word' id='word_1_158' title='bbox 174 2907 334 2976; x_wconf 87' lang='lat' dir='ltr'><strong>crudeles</strong></span> <span class='ocrx_word' id='word_1_159' title='bbox 354 2925 468 3000; x_wconf 85' lang='lat' dir='ltr'><strong>patrea</strong></span> <span class='ocrx_word' id='word_1_160' title='bbox 486 2897 733 2984; x_wconf 77' lang='lat' dir='ltr'><strong>vindicantur?</strong></span> <span class='ocrx_word' id='word_1_161' title='bbox 752 2910 864 2988; x_wconf 88' lang='lat' dir='ltr'><strong>Pater,</strong></span> <span class='ocrx_word' id='word_1_162' title='bbox 888 2907 1001 2999; x_wconf 91' lang='lat' dir='ltr'><strong>inquit</strong></span> <span class='ocrx_word' id='word_1_163' title='bbox 1011 2959 1023 2996; x_wconf 89' lang='lat'>‚</span> <span class='ocrx_word' id='word_1_164' title='bbox 1038 2911 1165 3002; x_wconf 78' lang='lat' dir='ltr'><strong>jussit3</strong></span> 
     </span>
     <span class='ocr_line' id='line_1_23' title="bbox 82 3019 1164 3119; baseline 0.002 -26"><span class='ocrx_word' id='word_1_165' title='bbox 82 3049 168 3119; x_wconf 81' lang='lat' dir='ltr'><strong>ergo</strong></span> <span class='ocrx_word' id='word_1_166' title='bbox 193 3022 300 3089; x_wconf 86' lang='lat' dir='ltr'><strong>irater</strong></span> <span class='ocrx_word' id='word_1_167' title='bbox 326 3037 403 3089; x_wconf 93' lang='lat' dir='ltr'><strong>tuus</strong></span> <span class='ocrx_word' id='word_1_168' title='bbox 428 3021 553 3114; x_wconf 89' lang='lat' dir='ltr'><strong>impius</strong></span> <span class='ocrx_word' id='word_1_169' title='bbox 575 3019 656 3104; x_wconf 83' lang='lat' dir='ltr'><strong>fuit,</strong></span> <span class='ocrx_word' id='word_1_170' title='bbox 682 3023 742 3112; x_wconf 92' lang='lat' dir='ltr'><strong>qui</strong></span> <span class='ocrx_word' id='word_1_171' title='bbox 768 3021 857 3114; x_wconf 90' lang='lat' dir='ltr'><strong>patri</strong></span> <span class='ocrx_word' id='word_1_172' title='bbox 880 3044 950 3103; x_wconf 81' lang='lat' dir='ltr'><strong>non</strong></span> <span class='ocrx_word' id='word_1_173' title='bbox 972 3025 1101 3116; x_wconf 86' lang='lat' dir='ltr'><strong>paruit.</strong></span> <span class='ocrx_word' id='word_1_174' title='bbox 1126 3027 1164 3095; x_wconf 87' lang='lat' dir='ltr'><strong>Si</strong></span> 
     </span>
     <span class='ocr_line' id='line_1_24' title="bbox 81 3135 1163 3234; baseline 0 -26"><span class='ocrx_word' id='word_1_175' title='bbox 81 3137 221 3234; x_wconf 84' lang='lat' dir='ltr'><strong>quando</strong></span> <span class='ocrx_word' id='word_1_176' title='bbox 246 3137 337 3204; x_wconf 91' lang='lat' dir='ltr'><strong>lente</strong></span> <span class='ocrx_word' id='word_1_177' title='bbox 351 3137 517 3231; x_wconf 86' lang='lat' dir='ltr'><strong>parebant</strong></span> <span class='ocrx_word' id='word_1_178' title='bbox 531 3135 713 3220; x_wconf 85' lang='lat' dir='ltr'><strong>satellites,</strong></span> <span class='ocrx_word' id='word_1_179' title='bbox 740 3136 855 3204; x_wconf 88' lang='lat' dir='ltr'><strong>aiebat</strong></span> <span class='ocrx_word' id='word_1_180' title='bbox 873 3154 1038 3228; x_wconf 80' lang='lat' dir='ltr'><strong>tyrannus</strong></span> <span class='ocrx_word' id='word_1_181' title='bbox 1058 3167 1067 3210; x_wconf 74' lang='grc' dir='ltr'><strong>ε</strong></span> <span class='ocrx_word' id='word_1_182' title='bbox 1087 3143 1163 3209; x_wconf 89' lang='lat' dir='ltr'><strong>Non</strong></span> 
     </span>
     <span class='ocr_line' id='line_1_25' title="bbox 83 3251 1167 3350; baseline 0 -27"><span class='ocrx_word' id='word_1_183' title='bbox 83 3254 266 3350; x_wconf 86' lang='lat' dir='ltr'><strong>spectatis,</strong></span> <span class='ocrx_word' id='word_1_184' title='bbox 282 3253 570 3346; x_wconf 35' lang='lat' dir='ltr'><strong>&#39;quemadmodum</strong></span> <span class='ocrx_word' id='word_1_185' title='bbox 593 3269 721 3346; x_wconf 90' lang='lat' dir='ltr'><strong>patrem</strong></span> <span class='ocrx_word' id='word_1_186' title='bbox 744 3251 931 3320; x_wconf 76' lang='lat' dir='ltr'><strong>ceciderit?</strong></span> <span class='ocrx_word' id='word_1_187' title='bbox 954 3254 1023 3345; x_wconf 83' lang='lat' dir='ltr'><strong>Qui</strong></span> <span class='ocrx_word' id='word_1_188' title='bbox 1032 3271 1167 3346; x_wconf 85' lang='lat' dir='ltr'><strong>patrem</strong></span> 
     </span>
     <span class='ocr_line' id='line_1_26' title="bbox 85 3365 1168 3461; baseline 0.002 -22"><span class='ocrx_word' id='word_1_189' title='bbox 85 3373 257 3450; x_wconf 72' lang='lat' dir='ltr'><strong>reciderit,</strong></span> <span class='ocrx_word' id='word_1_190' title='bbox 285 3395 402 3436; x_wconf 84' lang='lat' dir='ltr'><strong>manus</strong></span> <span class='ocrx_word' id='word_1_191' title='bbox 428 3375 497 3460; x_wconf 78' lang='lat' dir='ltr'><strong>ejru</strong></span> <span class='ocrx_word' id='word_1_192' title='bbox 517 3370 761 3459; x_wconf 67' lang='lat' dir='ltr'><strong>praeciduntur,</strong></span> <span class='ocrx_word' id='word_1_193' title='bbox 780 3365 870 3436; x_wconf 87' lang='lat' dir='ltr'><strong>banc</strong></span> <span class='ocrx_word' id='word_1_194' title='bbox 890 3369 1001 3461; x_wconf 82' lang='lat' dir='ltr'><strong>legem</strong></span> <span class='ocrx_word' id='word_1_195' title='bbox 1018 3373 1168 3441; x_wconf 84' lang='lat' dir='ltr'><strong>moriens</strong></span> 
     </span>
     <span class='ocr_line' id='line_1_27' title="bbox 85 3481 1249 3582; baseline 0.002 -26"><span class='ocrx_word' id='word_1_196' title='bbox 85 3489 241 3558; x_wconf 81' lang='lat' dir='ltr'><strong>laudavit</strong></span> <span class='ocrx_word' id='word_1_197' title='bbox 255 3481 453 3578; x_wconf 73' lang='lat' dir='ltr'><strong>tyrannus3.</strong></span> <span class='ocrx_word' id='word_1_198' title='bbox 474 3485 662 3555; x_wconf 85' lang='lat' dir='ltr'><strong>Novissime</strong></span> <span class='ocrx_word' id='word_1_199' title='bbox 681 3487 771 3550; x_wconf 87' lang='lat' dir='ltr'><strong>inter</strong></span> <span class='ocrx_word' id='word_1_200' title='bbox 788 3483 898 3552; x_wconf 85' lang='lat' dir='ltr'><strong>filiurn</strong></span> <span class='ocrx_word' id='word_1_201' title='bbox 915 3501 950 3553; x_wconf 90' lang='lat' dir='ltr'><strong>et</strong></span> <span class='ocrx_word' id='word_1_202' title='bbox 966 3502 1097 3579; x_wconf 89' lang='lat' dir='ltr'><strong>patrem</strong></span> <span class='ocrx_word' id='word_1_203' title='bbox 1115 3505 1169 3582; x_wconf 82' lang='lat' dir='ltr'><strong>ty-</strong></span> <span class='ocrx_word' id='word_1_204' title='bbox 1244 3557 1249 3566; x_wconf 85' lang='grc'><strong>,</strong></span> 
     </span>
    </p>
   </div>
   <div class='ocr_carea' id='block_1_3' title="bbox 84 3675 1172 4220">
    <p class='ocr_par' dir='ltr' id='par_1_6' title="bbox 86 3675 1170 3753">
     <span class='ocr_line' id='line_1_28' title="bbox 86 3675 1170 3753; baseline -0.006 -21"><span class='ocrx_word' id='word_1_205' title='bbox 86 3682 253 3753; x_wconf 74' lang='lat' dir='ltr'><strong>luterrogant</strong></span> <span class='ocrx_word' id='word_1_206' title='bbox 262 3691 345 3730; x_wconf 82' lang='lat' dir='ltr'><strong>autem</strong></span> <span class='ocrx_word' id='word_1_207' title='bbox 359 3679 413 3732; x_wconf 78' lang='lat' dir='ltr'><strong>btee</strong></span> <span class='ocrx_word' id='word_1_208' title='bbox 424 3677 493 3732; x_wconf 81' lang='lat' dir='ltr'><strong>dicit.</strong></span> <span class='ocrx_word' id='word_1_209' title='bbox 504 3675 603 3730; x_wconf 70' lang='lat' dir='ltr'><strong>&amp;butt</strong></span> <span class='ocrx_word' id='word_1_210' title='bbox 688 3695 712 3726; x_wconf 79' lang='lat' dir='ltr'><strong>n.</strong></span> <span class='ocrx_word' id='word_1_211' title='bbox 727 3676 790 3728; x_wconf 80' lang='lat' dir='ltr'><strong>Nisa·</strong></span> <span class='ocrx_word' id='word_1_212' title='bbox 802 3697 853 3745; x_wconf 80' lang='lat' dir='ltr'><strong>pm</strong></span> <span class='ocrx_word' id='word_1_213' title='bbox 866 3689 923 3730; x_wconf 82' lang='lat' dir='ltr'><strong>tum</strong></span> <span class='ocrx_word' id='word_1_214' title='bbox 935 3680 1001 3732; x_wconf 72' lang='lat' dir='ltr'><strong>burso</strong></span> <span class='ocrx_word' id='word_1_215' title='bbox 1009 3683 1170 3753; x_wconf 63' lang='lat' dir='ltr'><strong>portesm-</strong></span> 
     </span>
    </p>

    <p class='ocr_par' dir='ltr' id='par_1_7' title="bbox 84 3756 1172 4220">
     <span class='ocr_line' id='line_1_29' title="bbox 122 3756 1169 3833; baseline 0.005 -23"><span class='ocrx_word' id='word_1_216' title='bbox 122 3756 307 3810; x_wconf 63' lang='lat' dir='ltr'><strong>..Uenulum</strong></span> <span class='ocrx_word' id='word_1_217' title='bbox 312 3758 505 3824; x_wconf 79' lang='lat' dir='ltr'><strong>ejusviderets&#39;s.</strong></span> <span class='ocrx_word' id='word_1_218' title='bbox 516 3757 604 3824; x_wconf 83' lang='lat' dir='ltr'><strong>Quum</strong></span> <span class='ocrx_word' id='word_1_219' title='bbox 655 3766 706 3819; x_wconf 78' lang='lat' dir='ltr'><strong>ret,</strong></span> <span class='ocrx_word' id='word_1_220' title='bbox 719 3759 767 3824; x_wconf 78' lang='lat' dir='ltr'><strong>qui</strong></span> <span class='ocrx_word' id='word_1_221' title='bbox 777 3761 941 3813; x_wconf 68' lang='lat' dir='ltr'><strong>mortuellus</strong></span> <span class='ocrx_word' id='word_1_222' title='bbox 954 3763 1028 3833; x_wconf 71' lang='lat' dir='ltr'><strong>Soepe</strong></span> <span class='ocrx_word' id='word_1_223' title='bbox 1038 3773 1125 3812; x_wconf 79' lang='lat' dir='ltr'><strong>amant</strong></span> <span class='ocrx_word' id='word_1_224' title='bbox 1135 3762 1169 3815; x_wconf 82' lang='lat' dir='ltr'><strong>de</strong></span> 
     </span>
     <span class='ocr_line' id='line_1_30' title="bbox 84 3831 1170 3908; baseline -0.001 -18"><span class='ocrx_word' id='word_1_225' title='bbox 84 3837 117 3890; x_wconf 78' lang='lat' dir='ltr'><strong>sit</strong></span> <span class='ocrx_word' id='word_1_226' title='bbox 129 3833 385 3908; x_wconf 82' lang='lat' dir='ltr'><strong>indulgentissimus,</strong></span> <span class='ocrx_word' id='word_1_227' title='bbox 397 3852 451 3885; x_wconf 91' lang='lat' dir='ltr'><strong>non</strong></span> <span class='ocrx_word' id='word_1_228' title='bbox 463 3846 545 3906; x_wconf 66' lang='lat' dir='ltr'><strong>posta</strong></span> <span class='ocrx_word' id='word_1_229' title='bbox 561 3834 607 3886; x_wconf 83' lang='lat' dir='ltr'><strong>&#39;rn-</strong></span> <span class='ocrx_word' id='word_1_230' title='bbox 654 3831 777 3884; x_wconf 74' lang='lat' dir='ltr'><strong>industrie</strong></span> <span class='ocrx_word' id='word_1_231' title='bbox 784 3833 818 3888; x_wconf 87' lang='lat' dir='ltr'><strong>ita</strong></span> <span class='ocrx_word' id='word_1_232' title='bbox 825 3835 982 3889; x_wconf 77' lang='lat' dir='ltr'><strong>confundere</strong></span> <span class='ocrx_word' id='word_1_233' title='bbox 989 3838 1170 3908; x_wconf 79' lang='lat' dir='ltr'><strong>etperrniseere</strong></span> 
     </span>
     <span class='ocr_line' id='line_1_31' title="bbox 87 3909 1171 3984; baseline -0.002 -18"><span class='ocrx_word' id='word_1_234' title='bbox 87 3912 158 3974; x_wconf 84' lang='lat' dir='ltr'><strong>duri,</strong></span> <span class='ocrx_word' id='word_1_235' title='bbox 168 3911 278 3966; x_wconf 75' lang='lat' dir='ltr'><strong>utrobis</strong></span> <span class='ocrx_word' id='word_1_236' title='bbox 286 3911 446 3966; x_wconf 78' lang='lat' dir='ltr'><strong>suavulnera</strong></span> <span class='ocrx_word' id='word_1_237' title='bbox 455 3915 607 3976; x_wconf 77' lang='lat' dir='ltr'><strong>ostenderet,</strong></span> <span class='ocrx_word' id='word_1_238' title='bbox 656 3909 797 3963; x_wconf 81' lang='lat' dir='ltr'><strong>orationem</strong></span> <span class='ocrx_word' id='word_1_239' title='bbox 821 3924 936 3965; x_wconf 75' lang='lat' dir='ltr'><strong>auctores</strong></span> <span class='ocrx_word' id='word_1_240' title='bbox 961 3911 1037 3966; x_wconf 77' lang='lat' dir='ltr'><strong>etiam</strong></span> <span class='ocrx_word' id='word_1_241' title='bbox 1070 3912 1171 3984; x_wconf 75' lang='lat' dir='ltr'><strong>optimi.</strong></span> 
     </span>
     <span class='ocr_line' id='line_1_32' title="bbox 86 3987 1172 4065; baseline -0.002 -19"><span class='ocrx_word' id='word_1_242' title='bbox 86 3994 180 4065; x_wconf 77' lang='lat' dir='ltr'><strong>quippe</strong></span> <span class='ocrx_word' id='word_1_243' title='bbox 187 4011 269 4062; x_wconf 86' lang='lat' dir='ltr'><strong>quum</strong></span> <span class='ocrx_word' id='word_1_244' title='bbox 278 4011 307 4044; x_wconf 86' lang='lat' dir='ltr'><strong>eo</strong></span> <span class='ocrx_word' id='word_1_245' title='bbox 316 3991 417 4044; x_wconf 72' lang='lat' dir='ltr'><strong>facilius</strong></span> <span class='ocrx_word' id='word_1_246' title='bbox 423 4004 475 4043; x_wconf 78' lang='lat' dir='ltr'><strong>erat</strong></span> <span class='ocrx_word' id='word_1_247' title='bbox 483 3992 606 4057; x_wconf 83' lang='lat' dir='ltr'><strong>laturum,</strong></span> <span class='ocrx_word' id='word_1_248' title='bbox 658 3987 727 4040; x_wconf 77' lang='lat' dir='ltr'><strong>Nam</strong></span> <span class='ocrx_word' id='word_1_249' title='bbox 745 4007 791 4042; x_wconf 79' lang='lat' dir='ltr'><strong>nos</strong></span> <span class='ocrx_word' id='word_1_250' title='bbox 804 3989 982 4044; x_wconf 72' lang='lat' dir='ltr'><strong>ordinaremus</strong></span> <span class='ocrx_word' id='word_1_251' title='bbox 992 4007 1000 4042; x_wconf 74' lang='grc' dir='ltr'><strong><em>ι</em></strong></span> <span class='ocrx_word' id='word_1_252' title='bbox 1009 3994 1064 4043; x_wconf 77' lang='lat' dir='ltr'><strong>nisi</strong></span> <span class='ocrx_word' id='word_1_253' title='bbox 1069 3989 1172 4062; x_wconf 75' lang='lat' dir='ltr'><strong>suisset</strong></span> 
     </span>
     <span class='ocr_line' id='line_1_33' title="bbox 86 4066 1172 4142; baseline -0.002 -16"><span class='ocrx_word' id='word_1_254' title='bbox 86 4087 115 4126; x_wconf 86' lang='lat' dir='ltr'><strong>ut</strong></span> <span class='ocrx_word' id='word_1_255' title='bbox 124 4073 343 4126; x_wconf 78' lang='lat' dir='ltr'><strong>condemnaretur</strong></span> <span class='ocrx_word' id='word_1_256' title='bbox 354 4069 431 4122; x_wconf 74' lang='lat' dir='ltr'><strong>filius.</strong></span> <span class='ocrx_word' id='word_1_257' title='bbox 443 4073 518 4126; x_wconf 81' lang='lat' dir='ltr'><strong>Nune</strong></span> <span class='ocrx_word' id='word_1_258' title='bbox 529 4091 608 4142; x_wconf 85' lang='lat' dir='ltr'><strong>quum</strong></span> <span class='ocrx_word' id='word_1_259' title='bbox 657 4066 760 4138; x_wconf 80' lang='lat' dir='ltr'><strong>aliquis,</strong></span> <span class='ocrx_word' id='word_1_260' title='bbox 771 4071 817 4136; x_wconf 79' lang='lat' dir='ltr'><strong>qui</strong></span> <span class='ocrx_word' id='word_1_261' title='bbox 822 4087 873 4136; x_wconf 81' lang='lat' dir='ltr'><strong>pro</strong></span> <span class='ocrx_word' id='word_1_262' title='bbox 882 4079 940 4122; x_wconf 87' lang='lat' dir='ltr'><strong>tum</strong></span> <span class='ocrx_word' id='word_1_263' title='bbox 948 4070 1172 4138; x_wconf 77' lang='lat' dir='ltr'><strong>bompatremori</strong></span> 
     </span>
     <span class='ocr_line' id='line_1_34' title="bbox 87 4145 851 4220; baseline -0.003 -18"><span class='ocrx_word' id='word_1_264' title='bbox 87 4149 152 4207; x_wconf 69' lang='lat' dir='ltr'><strong>adsit</strong></span> <span class='ocrx_word' id='word_1_265' title='bbox 171 4148 242 4212; x_wconf 83' lang='lat' dir='ltr'><strong>filio,</strong></span> <span class='ocrx_word' id='word_1_266' title='bbox 257 4150 325 4201; x_wconf 88' lang='lat' dir='ltr'><strong>ultro</strong></span> <span class='ocrx_word' id='word_1_267' title='bbox 342 4147 396 4220; x_wconf 79' lang='lat' dir='ltr'><strong>ejus</strong></span> <span class='ocrx_word' id='word_1_268' title='bbox 413 4147 449 4200; x_wconf 83' lang='lat' dir='ltr'><strong>rei</strong></span> <span class='ocrx_word' id='word_1_269' title='bbox 464 4147 538 4202; x_wconf 83' lang='lat' dir='ltr'><strong>nobis</strong></span> <span class='ocrx_word' id='word_1_270' title='bbox 550 4149 609 4202; x_wconf 82' lang='lat' dir='ltr'><strong>iacit</strong></span> <span class='ocrx_word' id='word_1_271' title='bbox 658 4145 851 4201; x_wconf 73' lang='lat' dir='ltr'><strong>vettaessstuts</strong></span> 
     </span>
    </p>
   </div>
   <div class='ocr_carea' id='block_1_4' title="bbox 14 4221 1174 4304">
    <p class='ocr_par' dir='ltr' id='par_1_8' title="bbox 14 4221 1174 4304">
     <span class='ocr_line' id='line_1_35' title="bbox 14 4221 1174 4304; baseline 0 -22"><span class='ocrx_word' id='word_1_272' title='bbox 14 4221 16 4232; x_wconf 73' lang='lat'>&#39;</span> <span class='ocrx_word' id='word_1_273' title='bbox 88 4230 201 4304; x_wconf 67' lang='lat' dir='ltr'><strong>copiam.</strong></span> <span class='ocrx_word' id='word_1_274' title='bbox 215 4227 318 4280; x_wconf 79' lang='lat' dir='ltr'><strong>Schult.</strong></span> <span class='ocrx_word' id='word_1_275' title='bbox 693 4227 717 4280; x_wconf 81' lang='grc'><strong>3.</strong></span> <span class='ocrx_word' id='word_1_276' title='bbox 733 4225 815 4280; x_wconf 82' lang='lat' dir='ltr'><strong>Hanc</strong></span> <span class='ocrx_word' id='word_1_277' title='bbox 831 4229 912 4298; x_wconf 70' lang='lat' dir='ltr'><strong>legem</strong></span> <span class='ocrx_word' id='word_1_278' title='bbox 927 4229 1041 4282; x_wconf 76' lang='lat' dir='ltr'><strong>mrim</strong></span> <span class='ocrx_word' id='word_1_279' title='bbox 1050 4229 1174 4285; x_wconf 74' lang='lat' dir='ltr'><strong>laudarit</strong></span> 
     </span>
    </p>
   </div>
   <div class='ocr_carea' id='block_1_5' title="bbox 0 0 1464 4808">
    <p class='ocr_par' dir='ltr' id='par_1_9' title="bbox 0 0 1464 4808">
     <span class='ocr_line' id='line_1_36' title="bbox 0 0 1464 4808; baseline 0 0"><span class='ocrx_word' id='word_1_280' title='bbox 0 0 1464 4808; x_wconf 95' lang='lat' dir='ltr'><strong> </strong></span> 
     </span>
    </p>
   </div>
  </div>
 </body>
</html>
