2874 4768
182 543 184 548 v
266 511 504 578 EXCERPTA
527 513 689 582 CONTR.
716 517 796 581 LIB.
823 517 892 602 lv,
919 543 950 608 7.
1081 521 1145 588 533

61 643 142 705 tu'm
155 635 426 723 subsederunt',
447 641 650 733 puniuntur.
669 617 873 713 Necinlelix
892 647 1001 714 virtue
1023 650 1147 716 amittit

63 752 190 844 gloriae
228 752 366 822 titulum
390 780 399 822 ε
422 777 486 823 nec
524 754 678 850 gloriam·
700 759 838 827 virtutis
867 760 1043 856 intercipit
1075 763 1148 832 ior-

63 871 158 938 tuita
176 870 332 940 felicitas.
352 872 723 966 Nunquammajorum
744 892 933 946 nostrorum
959 879 1144 973 prudentia
1188 965 1191 970 Ι

63 985 175 1053 tantia
196 987 396 1056 muneribus
419 983 687 1082 'tyrannicidium
716 1010 856 1075 emeret,
880 996 909 1062 ei
932 994 1019 1065 illud
1045 997 1145 1065 etiam

64 1100 181 1170 libido
206 1105 432 1196 promitteret.
451 1107 547 1174 Novo
565 1105 792 1200 ¹inauditoque
815 1133 910 1182 more
924 1113 1142 1207 pugnabant,

65 1220 289 1319 tyrannicida
307 1245 370 1313 pro
384 1220 575 1307 adulterio,
591 1237 756 1315 tyrannus
769 1247 833 1318 pro
846 1225 1024 1319 pudicitia.
1042 1231 1147 1299 Ooci-
1198 1280 1199 1283 ,

65 1335 153 1404 disti
175 1353 213 1404 tu
235 1339 415 1422 maritum,
442 1336 576 1406 fortuna
596 1355 791 1431 tyrannum.
807 1341 1008 1434 Tyrannum
1022 1344 1145 1414 cadere

64 1449 270 1544 reipublicae
283 1452 371 1521 volo.
388 1452 530 1521 Occidut
544 1453 638 1521 illum
654 1454 738 1523 civis
751 1455 869 1541 iratur,
888 1458 1027 1527 misceat
1040 1461 1147 1529 malc-

66 1564 165 1633 dicta
176 1565 389 1652 vulneribus,
405 1566 519 1658 qualia
533 1564 780 1652 inadultcrum
798 1571 939 1639 maritus
953 1573 1144 1641 'attulerat

66 1681 127 1750 Ah
150 1679 311 1751 adulterae
329 1681 453 1750 osculis
472 1679 516 1750 ad
539 1684 712 1775 praemium
737 1687 861 1753 currit.
886 1686 973 1754 Nolo
992 1687 1149 1780 tyranni-

67 1798 152 1868 cida
164 1799 329 1881 imitetur,
346 1813 530 1890 antequam
541 1798 693 1883 occidat,
708 1815 903 1892 tyrannum.
921 1802 1005 1895 Pop.
1022 1803 1151 1870 Roma·
1199 1831 1204 1839 ·

67 1938 139 1982 nna
151 1935 285 1981 veneno
302 1915 396 1980 vinci
410 1906 566 1982 huttem³
583 1913 713 1997 noluit,
731 1915 926 2008 proditione
940 1917 1062 1986 uoluit.
1078 1921 1152 1987 Ho-
1185 1919 1193 1942 '

68 2027 205 2098 nornho
219 2027 366 2097 cubitum
379 2026 645 2122 tyrannicidium
662 2055 671 2097 ι
687 2053 757 2098 nun
769 2029 945 2100 honorabo
957 2033 1146 2115 fortuitum,

68 2166 144 2211 nun
159 2159 324 2212 coactum.

121 2307 236 2378 PARS
253 2307 446 2380 ALTERA.
462 2312 539 2378 Non
553 2309 721 2396 habehat,
737 2313 851 2403 inquit
865 2363 877 2400 ‚
894 2313 1036 2382 ferrum.
1051 2313 1148 2407 Quid

70 2427 167 2494 cnim
181 2441 326 2518 tyranno
340 2427 471 2520 profuit
484 2424 578 2519 quod
590 2427 746 2499 hahuit?
763 2429 804 2494 In
818 2450 859 2496 eo
873 2430 935 2524 qui
951 2430 1092 2498 inermia
1105 2430 1149 2498 ad

71 2560 258 2637 tyrannum
270 2545 377 2628 venit,
394 2570 463 2612 non
477 2545 588 2613 minor
599 2547 709 2616 virtus
723 2559 786 2630 eet,
803 2542 862 2613 ted
877 2546 1066 2638 periculum
1081 2573 1153 2616 ma-

67 2661 143 2754 jus.
160 2661 237 2729 Non
259 2684 388 2752 quaerao
406 2660 489 2753 quid
509 2662 546 2728 in
568 2655 679 2730 arcem
698 2661 836 2729 tulerim
859 2661 1149 2755 :tyrannicidium

72 2777 192 2846 retuli.
216 2779 292 2845 Non
312 2792 362 2844 eat
384 2776 518 2870 gladius
535 2800 630 2845 meua
652 2803 660 2845 ι
687 2776 746 2846 sed
770 2803 889 2847 manua
904 2802 978 2846 mea
998 2794 1072 2864 eet,
1091 2779 1151 2848 aed

72 2894 208 2961 animno
220 2916 315 2962 meus
331 2907 382 2961 est
391 2942 403 2979 ‚
425 2891 485 2960 aed
499 2893 700 2977 concilium,
718 2891 777 2961 aed
791 2895 981 2988 periculum
990 2946 1001 2981 ‚
1019 2894 1080 2964 sed
1097 2911 1151 2989 ty·

73 3006 304 3080 rannicidium
325 3032 451 3077 mcum.
468 3007 685 3078 Adulterium
699 3034 807 3101 rocas,
828 3037 895 3104 quo
910 3013 1067 3082 effectum
1083 3030 1147 3097 est,

74 3150 120 3195 ne
137 3127 214 3219 quit
231 3121 348 3194 timeat
359 3123 578 3193 adulterium.
593 3125 789 3218 Diligenter
806 3151 885 3196 arce
906 3130 1037 3198 mnnita
1050 3154 1151 3200 occa-

75 3243 205 3311 sionem
229 3243 432 3334 requirent,
458 3241 586 3310 tentavi
610 3263 746 3326 terroe,
766 3245 894 3311 tentavi
919 3246 1046 3314 amicos
1062 3271 1071 3315 z
1087 3271 1150 3340 per

72 3381 214 3426 uxorem
238 3358 342 3426 solam
366 3357 498 3456 refulsit
518 3358 664 3427 occasio.
689 3359 766 3438 Nun
786 3358 904 3450 putavi
916 3358 1145 3446 adulterium,

75 3498 214 3545 uxorem
239 3477 375 3568 tyranni
395 3475 547 3576 polluere
565 3500 572 3541 :
590 3476 679 3544 sicut
691 3498 756 3543 nec
772 3472 1017 3559 homicidium,
1032 3493 1149 3570 tyran-

76 3617 156 3659 num
172 3591 341 3660 occidere.
357 3593 501 3661 Ferrum
516 3592 552 3660 in
565 3597 676 3661 arcem
693 3592 798 3678 ferre,
813 3590 1041 3684 periculorum
1055 3610 1145 3661 erat:

113 3799 135 3834 r.
149 3781 253 3836 Saulem
270 3801 372 3854 quoque
389 3783 509 3855 quamvis
520 3787 589 3835 citra
637 3781 696 3834 tulit
707 3781 739 3834 td
754 3783 913 3835 maledicta:
927 3781 972 3834 ted
989 3780 1150 3836 hauddubie

77 3863 183 3914 altum
199 3859 589 3932 subsederuntExplirrtegre—
637 3859 736 3931 aliquid
756 3858 907 3934 hujusmodi
927 3861 998 3912 deest
1017 3875 1024 3909 t
1043 3862 1152 3912 misceat

78 3937 120 4011 gia
132 3937 180 3990 iata
191 3937 320 4009 Grrjacitu,
329 3937 460 3992 Ohtervat.
471 3937 517 3991 lih.
528 3937 587 4005 XV,
637 3938 779 3992 maledicta
794 3935 1042 4009 uulneribut,serat
1052 3955 1150 4005 ama,

78 4035 132 4086 rap.
152 4016 190 4068 15.
585 4051 590 4064 .
637 4017 729 4084 qualia
747 4019 776 4068 in
790 4015 941 4067 adulterum
958 4015 1070 4067 meritiis
1082 4018 1153 4068 tule-

111 4111 133 4143 a.
152 4091 189 4144 In
201 4095 352 4150 adulterum
364 4097 478 4147 moritur
489 4097 590 4148 attule-
641 4100 692 4144 rat.
704 4091 818 4144 Gronov.

78 4180 127 4228 rat.
141 4169 185 4223 Sic
197 4189 256 4226 mu.
268 4191 322 4225 uon
333 4177 487 4235 contulerat,
499 4185 529 4226 nt
539 4193 591 4232 vo-
674 4172 698 4223 3.
720 4169 840 4240 Populus
864 4167 945 4221 Rom.
967 4185 1063 4222 veneno
1083 4172 1156 4222 vinci

78 4247 124 4302 luit
142 4247 295 4320 Pincianae,
309 4252 353 4322 qui
366 4250 415 4306 hoc
426 4251 533 4304 vcrhum
545 4269 591 4304 re·
640 4251 747 4304 hostem.
766 4250 800 4304 Ut
811 4247 880 4303 hallo
889 4249 1045 4316 Tarentino,
1059 4249 1154 4320 Pyrrhi
