2874 4808
311 455 375 548 370
636 457 683 521 M.
710 447 855 522 ANNAEI
878 449 1059 522 SENECAE

308 573 475 654 defendit.
504 581 566 650 llle
593 580 841 675 quoque'mihi
865 605 932 650 non
958 582 1187 674 pepercisset,
1209 584 1238 651 ai
1263 583 1389 654 unicus

307 702 437 770 iuiaact.
463 700 527 768 Ille
548 699 721 768 meiratri
744 699 982 790 relinquebat,
1005 699 1063 766 hic
1082 715 1242 792 tyranno.
1258 704 1388 771 Etiam-

305 841 406 899 num,
425 818 560 910 inquit,
586 817 622 884 in
645 817 731 886 facie
754 834 811 886 tua
829 817 971 884 vulnera
984 835 1162 911 apparent.
1179 817 1266 900 Fili,
1283 837 1386 889 nocet

301 935 390 1020 tibi,
409 931 502 1027 quod
519 948 586 1001 tam
601 934 669 1001 cito
683 933 836 1001 occidisti
853 949 1048 1024 tyrannum.

350 1053 537 1120 Maeroris.
553 1047 727 1142 Quantis,
745 1048 823 1141 quie
836 1048 910 1116 haec
924 1049 1007 1117 feeit
1018 1049 1183 1118 vulnera?
1196 1051 1269 1137 ille,
1285 1053 1383 1145 cujus

301 1165 425 1236 cecidit
439 1189 492 1234 me
507 1167 543 1234 in
558 1166 678 1234 funere
693 1189 823 1234 manue.
839 1167 891 1233 Ita
904 1166 989 1232 mihi
1003 1166 1113 1235 libero
1127 1184 1160 1235 et
1173 1170 1292 1236 vivere
1303 1193 1383 1236 con·

301 1285 410 1376 tingat
432 1299 467 1351 et
488 1283 595 1362 mori,
619 1283 667 1350 ita
688 1282 804 1350 oculoa
825 1305 916 1349 meos
937 1282 999 1349 lilii
1020 1307 1138 1352 manua
1151 1285 1328 1377 operiant,
1343 1303 1381 1352 ut

301 1421 364 1488 ego
377 1397 470 1465 inter
485 1395 612 1464 liberos
626 1419 719 1464 meua
733 1395 855 1464 fortior
869 1395 943 1462 steti
955 1397 979 1461 ¹.

292 1547 294 1552 ,
347 1571 408 1638 EX
431 1569 612 1638 ALTERA
634 1568 798 1636 PARTE.
820 1565 962 1634 Annum
976 1569 1075 1634 Fusci
1089 1593 1211 1636 earnis.
1230 1569 1379 1638 Tamdiu

296 1685 422 1754 cecidit
433 1701 579 1778 patrem,
596 1685 705 1754 donec
720 1683 870 1776 placeret
884 1698 1030 1774 tyranno
1045 1683 1190 1752 satelles.
1207 1683 1329 1778 Quid?
1342 1703 1376 1756 tu

297 1800 563 1895 tyrannicidium
580 1802 692 1870 iacere
712 1825 779 1868 non
798 1816 914 1894 potes,
936 1801 1002 1866 niai
1024 1801 1059 1866 in
1076 1801 1263 1892 parricidio
1280 1827 1376 1870 exer·

293 1921 405 1987 cueris
422 1941 538 1986 manua
550 1919 565 1984 i
577 1921 691 2000 Pater,
709 1919 840 2010 inquit,
857 1915 970 2000 adest,
987 1916 1092 2000 mal03
1109 1920 1287 1986 nonenim
1301 1935 1375 1986 tan-

293 2055 364 2104 tum
379 2050 531 2128 patrem,
548 2037 648 2101 etiam
664 2050 845 2126 patronum
859 2031 1026 2100 cecidisti.

339 2156 429 2220 Junn
447 2153 553 2219 Bassi.
574 2151 746 2242 Quoniam
766 2174 806 2218 eo
827 2149 994 2218 scelerum
1015 2167 1217 2243 perventum
1239 2169 1312 2238 eat,
1338 2171 1374 2222 ut

288 2268 468 2361 parricidae
487 2284 584 2360 pater
608 2265 745 2350 adait.²,
775 2289 847 2332 non
872 2266 971 2334 iatius
996 2265 1208 2335 advocationi
1228 2267 1370 2355 adsum5

290 2379 462 2467 defendit,
482 2380 636 2473 quamvis
663 2395 857 2448 nocentem.
879 2377 1014 2470 Ecquid
1042 2381 1228 2470 agnoscitis
1251 2383 1373 2451 indul-

291 2499 439 2592 gentiam
457 2497 577 2566 illiue?
595 2499 731 2582 Frater,
753 2495 814 2588 qui
833 2495 952 2563 maluit
976 2498 1091 2587 perire
1114 2522 1218 2589 quam
1240 2516 1371 2592 patrem

192 2624 195 2632 '
290 2614 434 2700 caedere,
450 2614 568 2682 infelix
581 2637 716 2684 causam
731 2637 825 2680 auam
840 2636 917 2679 cum
935 2611 1037 2678 fratre
1048 2612 1230 2706 jungebat.
1249 2614 1373 2684 Excla-

288 2739 357 2800 ma't
378 2734 439 2802 iate
458 2760 466 2798 ι
483 2731 578 2798 Nihil
595 2729 646 2796 illi
664 2728 844 2814 mandavi3
866 2751 930 2820 ego
948 2727 1010 2794 tibi
1028 2744 1062 2795 et
1079 2752 1143 2822 pro
1160 2729 1221 2796 illo
1238 2732 1372 2800 catisla-

290 2844 412 2917 eia'm³.
432 2849 477 2916 Ut
496 2845 659 2929 validius,
680 2847 810 2937 inquit,
829 2843 989 2913 caedcret.
1008 2848 1075 2913 Pro
1096 2845 1293 2939 republica,
1315 2851 1371 2916 in·

290 2969 385 3059 quit,
407 2965 485 3034 ieci.
508 2965 569 3034 Vis
589 2981 629 3032 tu
644 2965 810 3058 pudorem
831 2963 979 3050 habere,
1004 2988 1069 3032 nee
1090 2964 1259 3058 imputare
1281 2969 1366 3062 reip.

290 3082 382 3152 idem
407 3083 500 3174 quod
520 3083 690 3174 tyranno?
707 3085 823 3165 Pater,
843 3082 976 3174 inquit,
999 3079 1085 3148 mihi
1102 3081 1211 3151 adeat.
1231 3083 1278 3153 At
1298 3111 1369 3154 me-

288 3293 342 3327 rcna
359 3275 395 3326 M.
412 3273 535 3336 Iunium,
552 3286 607 3347 post
621 3273 719 3326 cladem
735 3273 803 3325 Can·
853 3271 913 3324 dccc
925 3271 1092 3344 suspicaretur
1106 3287 1237 3344 tyrannus.
1249 3275 1349 3330 Schult-

290 3371 405 3415 nentem,
418 3351 581 3404 servitiorum
594 3364 651 3404 octo
662 3352 743 3405 millia
757 3370 804 3421 pu·
887 3371 910 3403 a.
923 3349 1008 3406 Pater
1017 3355 1101 3407 adsit.
1112 3355 1248 3426 Tanquam
1260 3357 1367 3410 advoca·

287 3429 353 3483 blice
365 3443 448 3504 empta
456 3449 564 3482 armasse
576 3430 660 3481 relcrt.
673 3429 803 3500 Appianua
852 3441 905 3496 tua,
923 3449 974 3499 quo
987 3431 1018 3482 de
1032 3450 1078 3484 nos
1096 3450 1149 3504 sup.
1168 3433 1291 3490 Contror.
1307 3457 1330 3496 ι,
1345 3448 1370 3488 ct

289 3510 389 3562 veroin
403 3507 593 3576 Hannibalicia,
608 3509 731 3561 Senatum
744 3521 802 3560 octo
852 3507 1027 3560 Advocationi
1042 3508 1127 3562 adesce
1147 3510 1217 3563 uollc
1231 3512 1275 3564 ait.
1291 3513 1369 3566 Sole·

287 3586 371 3638 millia
388 3605 518 3639 cervorum
536 3584 647 3638 dominis
668 3585 735 3637 ultro
750 3585 802 3638 do·
850 3583 894 3636 irat
914 3586 984 3638 enirn
1010 3589 1230 3643 Advocationibus
1249 3591 1367 3644 interdici
1424 3599 1425 3670 l

288 3664 409 3717 nantibus
421 3663 605 3716 manumisisse.
618 3662 715 3716 Sciron.
850 3663 1013 3731 cauasidicis‚
1034 3667 1075 3718 vel
1097 3665 1125 3718 in
1144 3677 1313 3740 perpetuum,
1327 3669 1366 3722 vel
1422 3673 1425 3751 J

327 3763 347 3795 ι.
366 3741 801 3812 Utegoinleriibemsmeosfhr-
850 3741 883 3794 ad
902 3753 1017 3816 tempus,
1043 3745 1087 3812 qui
1109 3747 1226 3814 quamvis
1249 3747 1365 3817 iniquam
1422 3763 1424 3766 ·

289 3825 341 3875 lior
357 3823 424 3872 cleti.
446 3821 511 3870 Nam
526 3818 564 3871 illi
587 3819 690 3889 quidem
708 3820 801 3873 conci-
850 3839 964 3887 cautam,
980 3821 1021 3874 vcl
1040 3835 1174 3876 nocentem
1191 3826 1326 3894 quemvis,
1338 3837 1365 3878 at
1421 3771 1424 3866 l

289 3901 381 3954 (lerunt
394 3897 496 3962 animis,
509 3917 587 3968 quum
600 3899 744 3969 imperasset
755 3911 800 3972 ty·
850 3899 926 3952 hodie
936 3901 1066 3972 plerique,
1083 3900 1258 3954 defenderent.
1269 3903 1363 3958 Sciron
1420 3869 1423 3988 l

289 4000 399 4044 ranam,
419 3991 447 4032 ut
466 3991 560 4052 patrem
579 3978 718 4043 caederem
732 3979 802 4033 unde
884 3977 906 4030 3.
918 3977 977 4046 Ego
986 3979 1035 4031 athi
1043 3977 1122 4048 etprci
1131 3981 1179 4030 illo
1188 3981 1362 4053 satisfaciam.

288 4059 351 4113 alter
367 4057 533 4132 precipitavit
552 4075 592 4120 ac,
611 4057 719 4110 alterum
738 4056 802 4109 reli·
851 4057 931 4108 Patria
944 4057 1053 4109 dolentis
1064 4056 1139 4109 verba
1150 4068 1225 4123 suut,
1242 4059 1313 4128 quoti
1330 4057 1362 4110 ih

289 4155 365 4205 quere
380 4136 444 4188 vires
455 4154 461 4187 :
472 4155 549 4206 quem
568 4135 620 4206 ipre
644 4135 749 4188 excitari
768 4137 801 4188 ad
850 4148 927 4208 agant
938 4135 1084 4188 aduersarii.
1101 4135 1183 4203 Quasi
1196 4138 1286 4189 omnia
1299 4133 1362 4189 filic-

288 4213 377 4268 lactina
391 4231 432 4267 me
444 4215 600 4279 leniendum,
615 4235 648 4267 uc
660 4233 707 4267 nos
718 4214 800 4268 coilu-
851 4212 1360 4269 runaiactaaibiinieliciaintdcicndenda.
