2874 4808
264 417 702 503 couraovnnsmauu
724 433 806 502 um.
831 435 902 514 1v,
930 459 983 525 η.
1098 435 1166 527 37⁵

127 549 294 616 ¹Tamarus
311 545 420 614 dixit:
437 547 478 612 In
496 544 560 614 filii
577 547 645 614 mei
659 569 779 616 manus
794 548 940 618 incarn.
1085 567 1087 572 ’

133 668 251 733 Bassos
264 666 379 732 Juuus
396 690 404 730 ε
421 665 495 756 Ego
509 685 563 730 me
578 662 641 730 filil
656 664 723 732 mei
736 664 893 732 manibus
905 666 1028 734 cecidi.

132 783 303 850 Harnarus
327 781 413 850 dixit
440 806 448 847 ι
472 778 546 871 Ago
571 779 699 872 gratias
720 796 884 874 tyranno,
906 761 1001 877 iyuod
1017 782 1161 852 alterum

82 895 196 964 filium
214 920 330 965 meum
348 893 518 965 custodire
530 894 654 988 jussit,
673 898 818 965 nemori
837 913 963 991 posset.

131 1014 273 1082 Cnsrtus
298 1013 348 1080 ait
375 1013 411 1079 in
435 1012 641 1082 narratione.
673 1012 856 1105 Tyrannus
876 1015 976 1106 jubet
1000 1013 1158 1084 cadere:

82 1131 239 1224 exposita
258 1143 425 1199 tormenta
443 1144 521 1197 sunt
540 1129 649 1220 :quid
670 1129 793 1200 iaciat?
812 1133 998 1220 moriatur,
1022 1133 1157 1230 inquis,

81 1245 147 1316 hoc
165 1246 255 1315 dicis
273 1271 281 1314 ι
299 1269 343 1314 ne
358 1245 463 1316 oaedat
477 1261 628 1338 patrem,
651 1243 796 1314 occidat.

127 1364 253 1432 Fuscus
279 1363 443 1430 dannatus
466 1361 550 1429 dixit
575 1387 583 1428 :
605 1361 793 1456 complecti
814 1362 891 1430 volo
915 1363 996 1432 istas
1015 1388 1157 1450 manus,

83 1481 214 1573 optime
231 1478 275 1548 de
293 1504 347 1548 me
361 1480 459 1548 etiam
476 1495 554 1547 ante
571 1478 837 1572 tyrannicidium
854 1481 1004 1550 meritas.

128 1599 260 1666 Gamo
286 1596 370 1665 dixit
396 1596 561 1666 :Viderit
584 1612 747 1688 quantum
775 1595 836 1668 tibi
860 1620 895 1664 se
916 1611 1013 1689 putet
1031 1595 1158 1666 debere

9 1767 15 1782 .
81 1717 296 1808 respublica3
317 1738 382 1808 ego
400 1713 478 1807 plus
497 1737 551 1781 me
574 1738 675 1806 quam
695 1714 787 1782 illam
804 1713 930 1783 debere
945 1715 1007 1782 tibi
1018 1712 1156 1808 judico,

78 1831 258 1900 difficilius
277 1846 345 1911 est,
367 1829 460 1921 qnod
478 1855 532 1900 me
545 1828 690 1922 jubente
708 1830 832 1897 fecisti.

126 1950 311 2016 Moartuus
327 1948 495 2014 Vomanus
511 1946 597 2014 dixit
612 1947 647 2013 in
663 1948 858 2014 narratione
872 1973 881 2014 ι
895 1946 931 2016 Si
945 1969 1154 2041 perseveras,

77 2065 151 2150 fili,
170 2065 310 2134 fratrem
325 2064 492 2155 sequaris.
508 2063 646 2132 Videris
663 2079 777 2134 utrum
790 2079 921 2157 patrem
937 2065 1069 2138 caedere
1084 2090 1158 2134 ma-

80 2184 138 2269 lis,
156 2207 202 2250 an
221 2181 390 2252 occidere.

125 2301 226 2366 Hanc
238 2295 502 2366 controversiam
517 2310 551 2362 et
563 2294 607 2362 ab
621 2298 719 2362 Juaro
734 2279 856 2366 Susum
869 2299 958 2368 bene
971 2300 1153 2371 declamari

77 2415 233 2496 memini,
249 2438 353 2506 quum
368 2406 578 2480 describeret
591 2427 773 2505 tyrannum
784 2416 945 2501 occisum,
960 2431 996 2484 et
1009 2441 1085 2486 eum
1098 2420 1155 2486 ins·

78 2535 174 2628 genti
198 2531 306 2625 gloria
331 2553 371 2597 ex
396 2551 476 2598 arce
500 2526 697 2596 deductum.
727 2531 758 2597 Ο
784 2547 816 2598 te
836 2530 1060 2624 parricidam!
1085 2535 1151 2602 nisi

74 2663 151 2742 post
169 2645 435 2739 tyrannicidium
454 2666 592 2736 quoque
610 2644 786 2738 intelligis,
806 2661 932 2737 quanto
949 2648 1069 2716 melius
1081 2650 1151 2718 fra·

75 2783 128 2834 ter
141 2781 223 2832 tuus
238 2761 402 2856 perierit,
424 2783 523 2852 quam
539 2775 576 2826 tu
590 2760 769 2828 occideris.
788 2760 879 2829 Illud
897 2787 967 2831 non
983 2763 1147 2856 probavi,

75 2879 169 2976 quod
182 2877 288 2946 multa
300 2877 336 2946 in
352 2898 520 2945 reserata
536 2877 678 2947 tentavit
696 2875 778 2944 salac
796 2876 925 2946 dicere.
942 2882 1024 2947 Erat
1035 2896 1149 2950 autem

74 2995 326 3066 urbanissimus
339 2991 463 3075 homo,
481 3007 519 3060 ut
537 2989 634 3060 vobis
651 3015 737 3085 saepe
751 2996 912 3081 narravi,
927 3010 966 3063 ut
980 2995 1150 3090 quidquid

74 3113 125 3182 illi
150 3113 187 3179 in
211 3109 405 3206 eloquentia
423 3107 559 3192 deerat,
582 3107 775 3177 urbanitate
792 3128 963 3206 pensaret.
981 3114 1150 3182 Memini-

74 3255 172 3312 mus,
188 3253 293 3322 quum
310 3226 407 3296 illum
420 3227 580 3318 Syriacus
592 3224 735 3310 Vallius,
752 3226 855 3295 homo
869 3228 1029 3316 disertus,
1042 3253 1150 3300 accu-

74 3365 185 3435 saret,
206 3362 242 3416 et
254 3345 389 3415 videret
400 3345 559 3412 Latinum
574 3343 790 3412 Kalumniam
808 3359 925 3418 testem
941 3348 1032 3416 circa
1044 3373 1148 3417 coro-

72 3489 151 3533 nam
160 3461 285 3554 judieii
296 3459 489 3542 obversari,
505 3473 540 3525 ct
552 3458 677 3525 totiens
690 3481 870 3528 occurrere
882 3461 978 3528 eunti
990 3463 1146 3556 Syriaco,

73 3597 108 3650 et
132 3601 305 3672 quaerere,
326 3574 411 3670 quid
434 3573 579 3644 haberet
595 3576 668 3669 spei
686 3601 693 3642 :
711 3575 835 3644 deinde
858 3594 935 3672 post
952 3579 1144 3672 judicium,

72 3723 178 3793 quum
192 3697 353 3790 Syriacus
368 3694 493 3786 gratias
503 3691 554 3760 illi
567 3709 702 3786 ageret,
718 3693 810 3785 quod
826 3710 951 3764 tantam
965 3721 1080 3766 curam
1094 3700 1147 3768 sui

73 3815 200 3910 egisset
214 3840 222 3880 ε
236 3810 282 3878 At
292 3808 517 3890 mehercules,
532 3809 657 3900 inquit,
669 3809 841 3895 timebam,
859 3835 902 3880 ne
915 3817 997 3880 uno¹
1009 3812 1150 3882 rhetore
1261 3836 1266 3844 ·

107 4018 128 4053 1.
138 3999 242 4052 Nermo
253 3996 416 4064 rhetoreplus
425 3994 586 4048 haberemus.
636 3996 693 4051 dina
709 4009 734 4052 et
744 3996 867 4066 alienius,
883 4017 959 4068 quam
973 3995 1043 4049 bunc
1056 3997 1088 4049 ad
1102 3997 1147 4050 lo-

72 4074 247 4131 salsissimam
259 4072 309 4126 ltoc
320 4069 488 4125 dictumJulii
498 4070 587 4124 Sabini
637 4092 695 4126 tum
714 4073 791 4126 dedit.
812 4073 927 4127 Gronov.
941 4073 1075 4126 emendare
1088 4085 1149 4127 ten-

71 4154 188 4207 nondam
196 4149 378 4206 intellexerunt
388 4149 487 4204 eruditi.
496 4150 588 4204 Schot-
637 4151 707 4205 tavit.
736 4153 793 4224 Ipsa
818 4152 925 4205 arbitror
950 4149 1151 4224 exponendum:

73 4242 112 4291 tas
129 4229 197 4284 nibil
216 4228 300 4304 poluil
316 4228 476 4286 comminisci
496 4229 589 4286 absur-
636 4229 743 4284 Latinus
755 4228 795 4283 bie
807 4228 948 4288 Kalumnia
964 4229 1024 4284 dum
1044 4228 1078 4284 ite
1095 4227 1147 4281 obe
