2866 4814
299 423 734 492 CONTROVERSIARUM
757 426 837 490 LIB.
863 425 900 506 1,
928 429 959 490 8.
1101 428 1158 494 151

4 539 5 594 Ῐ
89 550 187 617 illum
213 563 250 616 et
269 573 325 617 me
338 551 502 618 interest?
518 549 578 616 Ille
594 547 843 618 abdicationem
864 551 988 617 virtute
1014 547 1161 635 delevit,

88 688 153 756 ego
168 688 294 732 merui.

138 838 323 907 ulvls10.
341 837 455 906 Primo
469 851 608 928 quaesuo
620 835 678 906 illa
692 837 734 905 ab
752 838 906 907 omnibus
920 837 1007 908 fucta
1019 855 1070 908 est
1080 842 1157 910 vul-

87 951 183 1044 garis
200 976 208 1016 :
224 951 280 1017 An
297 949 389 1018 filius
409 950 454 1016 ob
476 949 530 1036 id,
552 949 644 1040 quod
662 951 714 1017 sui
728 950 816 1043 juris
830 953 890 1036 sit,
911 952 1062 1022 abdicari
1077 979 1157 1048 pos-

3 1071 4 1076 ’
86 1067 155 1148 sit,
175 1061 328 1148 deinde,
347 1087 391 1131 an
408 1063 540 1132 debeat.
557 1065 637 1132 Haec
654 1079 722 1131 tota
743 1066 948 1134 tractationis
962 1081 1025 1134 est.
1045 1069 1155 1136 Graeci

86 1178 179 1247 illam
197 1181 420 1270 questionem
439 1180 582 1271 primam
595 1177 703 1246 solent
715 1195 863 1266 tentare,
880 1205 980 1273 quam
997 1184 1156 1252 Romanae

84 1319 185 1362 aures
199 1317 272 1361 non
285 1295 415 1380 lerunt,
431 1293 484 1362 An
498 1297 550 1363 vir
567 1295 661 1363 fortis
671 1293 820 1364 abdicari
835 1299 950 1388 possit.
965 1301 1040 1366 Non
1056 1298 1153 1367 video

84 1424 218 1492 autem,
238 1410 325 1502 quid
350 1410 483 1478 allaturi
508 1411 595 1496 sint,
618 1435 723 1503 quare
742 1436 811 1479 non
829 1413 951 1504 possit,
970 1437 1045 1480 nam
1063 1415 1157 1505 quod

86 1543 120 1594 et
134 1528 189 1593 vir
203 1527 303 1594 fortis
312 1543 378 1613 est,
394 1542 429 1594 et
445 1529 567 1596 totiens
582 1528 717 1597 fortiter
729 1530 818 1622 egit,
836 1551 904 1596 uon
917 1527 994 1620 plus
1002 1529 1091 1620 juris
1104 1529 1154 1598 illi

84 1638 217 1721 adfert,
239 1637 301 1706 sed
314 1638 390 1732 plus
410 1639 720 1710 commendationis.

133 1789 301 1860 COLOR.
318 1790 475 1859 Colorem
490 1815 511 1860 a
526 1807 622 1884 parte
640 1794 746 1885 patris
763 1790 900 1884 quidam
915 1790 1087 1862 duriorem
1104 1793 1156 1862 fe-

87 1923 208 1974 cerunt
224 1933 233 1974 ε
248 1906 430 1974 voluertmt
446 1908 536 1976 enim
555 1906 663 1976 videri
680 1908 825 1974 invisum
843 1907 914 1975 filio
926 1923 1055 2000 patrem
1070 1933 1077 1974 :
1095 1910 1158 1978 ita·

88 2047 154 2114 que
167 2022 271 2092 malle
292 2022 387 2090 illum
402 2047 479 2092 cum
493 2023 646 2091 hostibus
663 2024 778 2090 vivere
786 2072 799 2107 ,
818 2046 920 2114 quam
936 2045 1013 2091 cum
1034 2041 1130 2117 patre
1146 2054 1154 2093 z

89 2163 181 2232 pene
201 2161 322 2207 omnes
338 2162 413 2208 esse
430 2138 677 2208 adolescentem
702 2139 926 2206 insatiabilem
940 2138 1080 2231 glo‘riaet
1100 2139 1161 2210 sed

88 2270 227 2348 propter
239 2256 351 2348 ipsum
362 2257 450 2348 patri
460 2271 495 2323 et
506 2251 748 2324 moderandum
759 2272 792 2322 et
803 2253 1056 2324 continendum.
1066 2256 1156 2348 Qui-

89 2369 164 2438 dam
185 2393 229 2440 ex
246 2385 316 2440 toto
340 2369 385 2440 ad
404 2370 509 2464 patris
525 2370 770 2462 indulgentiam
787 2371 1008 2463 refugerunt,
1035 2387 1070 2438 et
1087 2395 1155 2440 non

87 2484 349 2580 disputaverunt
366 2486 431 2554 hoc
450 2486 569 2572 modo,
589 2509 657 2577 quo
675 2485 744 2554 silo
760 2487 939 2577 Pompeius
953 2485 1151 2579 disputavit,

87 2607 147 2694 qui
162 2605 215 2674 sic
227 2603 365 2686 divisit,
383 2617 420 2670 ut
433 2603 561 2670 diceret
575 2629 582 2669 :
597 2603 708 2670 Etiam
723 2603 751 2669 si
766 2615 896 2693 patrem
915 2625 983 2668 non
997 2601 1153 2688 haberes,

88 2719 245 2790 desinere
261 2717 430 2805 debebas,
448 2721 528 2811 quis
552 2701 682 2810 patrem
709 2717 834 2798 habes,
855 2714 1011 2785 desinere
1027 2718 1152 2802 debes,

88 2839 166 2927 quia
192 2853 293 2929 pater
311 2849 413 2904 vetat.
441 2835 536 2902 Facit
560 2834 619 2902 illo
646 2833 744 2902 modo
763 2854 830 2924 quo
848 2830 959 2901 Gallio
978 2837 1003 2914 ¹,
1029 2834 1088 2924 qui
1107 2835 1154 2902 sic

88 2951 305 3032 divisitlianc
315 2968 443 3044 partem
457 2978 464 3016 :
477 2953 551 3019 Hoc
559 2951 690 3043 impero
700 2950 836 3043 reipub.
849 2974 961 3032 causa,
972 2965 1030 3018 tua
1039 2973 1151 3038 causa,

89 3093 158 3142 mea
170 3092 288 3140 causa.
304 3069 487 3160 Sequentia
498 3067 565 3136 duo
579 3066 701 3134 videtis
712 3065 995 3158 quemadmodum
1004 3069 1155 3159 potuerit

88 3187 252 3280 implere:
269 3183 381 3266 illud,
405 3183 536 3276 reipub.
562 3205 663 3252 causa
685 3184 870 3275 imperare,
904 3185 953 3251 sic
980 3184 1147 3252 tractavit.

87 3305 249 3386 Primum,
267 3317 307 3370 ut
318 3301 472 3393 pluribus
483 3300 666 3391 juvenibus
678 3315 789 3392 pateat
801 3298 846 3369 ad
857 3301 1015 3369 virtutem
1028 3299 1150 3382 aditus,

88 3443 150 3490 non
168 3419 301 3490 debere
316 3417 466 3487 omnium
485 3418 695 3484 occasionem
710 3416 842 3483 fortiter
862 3417 1008 3485 faciendi
1022 3415 1066 3486 ab
1084 3441 1152 3486 uno

88 3537 269 3628 occupari:
286 3532 419 3602 Deinde
438 3531 596 3624 expedire
613 3528 747 3623 reipub.
766 3554 836 3598 non
847 3529 954 3598 videri
969 3546 1097 3600 tantum
1111 3557 1150 3600 ex

89 3673 149 3719 uno
164 3649 344 3745 pendere:
366 3649 515 3716 futurum
536 3664 575 3714 ut
591 3663 625 3714 et
640 3647 744 3714 animi
770 3647 917 3715 hostium
935 3665 1147 3735 crescerent,

90 3779 269 3832 etsuorum
283 3761 535 3853 frangerentur,
556 3760 585 3828 si
603 3783 682 3828 cusu
695 3775 748 3828 ter
767 3760 862 3827 fortis
879 3759 1056 3831 occidisset
1072 3789 1080 3831 ε
1096 3760 1149 3828 Ad

89 3995 162 4036 retum
170 3982 333 4048 Plutarchus,
344 3981 473 4054 rejicitque
484 3995 511 4032 ut
521 3979 594 4034 isliu·
641 3979 681 4054 jus
690 3980 781 4032 divisio
789 3981 870 4052 ipsum
879 3979 904 4031 id
915 3975 1106 4046 continet,quod
1115 3991 1154 4028 est
1271 3983 1276 3999 ⁸

90 4060 175 4116 lotum.
186 4062 284 4116 Schola
641 4057 668 4108 in
684 4057 728 4130 iis,
747 4076 803 4128 que
823 4056 958 4129 d'tsputavlt
977 4054 1039 4107 Silo.
1052 4054 1168 4110 Schull..

119 4140 223 4196 dacto
229 4142 277 4192 itta
284 4137 372 4200 inodo,
378 4155 429 4206 quo
436 4135 534 4190 Gallio.
545 4135 592 4188 Cu·
641 4161 673 4178 ·-
682 4137 793 4189 Gronov.
805 4134 871 4203 conj.
883 4151 962 4202 neque
973 4133 1020 4182 illo
1031 4132 1116 4182 modo.
