2894 4784
343 351 644 444 SUASORIARUM
665 355 814 438 mann.
844 377 870 420 r.
1070 356 1133 422 621

68 495 151 562 quo
168 473 232 541 tibi
249 484 430 568 operae‘eat
447 476 582 548 adeoae'
599 507 610 566 3
630 478 730 548 iidem
750 465 978 547 annt‘termini
992 494 1026 546 et
1043 483 1140 572 regni

67 589 129 654 tui
151 604 186 655 et
206 588 359 658 mundi².
494 591 496 596 ’

124 704 223 772 Oacr.
244 705 394 797 Tempus
411 721 461 774 eat
478 707 704 776 Alexandrum
721 727 796 776 cum
816 705 898 774 orbo
923 722 1049 775 etcum
1072 708 1142 776 aole

73 818 258 888 desinere.
277 820 383 912 Quod
397 845 577 909 noveram,
602 823 670 892 vici
691 848 700 890 z
721 833 811 890 nunc
834 823 1032 915 concupisco
1050 823 1143 916 quod

71 936 212 1004 nescio.
230 937 316 1030 Quae
329 953 395 1005 tam
415 937 495 1006 lenc
512 953 628 1031 gentes
646 937 802 1018 dierunt,
821 959 895 1029 qnae
910 960 979 1005 non
991 937 1142 1006 Alexan-

73 1047 184 1118 drum
202 1051 312 1143 ponito
329 1073 419 1142 genn
440 1050 634 1119 adorarint?
653 1049 723 1145 Qui
747 1065 814 1118 tam
834 1049 967 1118 horridi
984 1067 1137 1140 mantea,

73 1187 229 1256 qnorum
254 1187 323 1233 non
343 1165 425 1258 juga
444 1166 552 1232 victor
576 1165 672 1233 milea
690 1166 893 1262 calcaverit?
910 1167 1005 1236 Ultra
1023 1169 1140 1237 Liberi

74 1281 189 1370 patris
213 1279 364 1371 trophaea
382 1280 603 1349 constitimus.
626 1283 702 1348 Non
725 1283 904 1372 quoerimus
921 1283 1057 1365 orbem,
1077 1283 1138 1351 aed

74 1393 280 1460 amittimus.
305 1394 524 1479 Immensum,
548 1408 582 1460 et
609 1387 786 1461 humanoe³
812 1395 1011 1464 intentatum
1036 1418 1139 1488 expe·

75 1507 215 1575 rientiae
237 1506 396 1600 pelagus,
424 1509 525 1576 totina
552 1507 642 1577 orbis
677 1509 867 1590 vinculum,
903 1487 1136 1601 terrarumque

71 1621 245 1708 custodia,
259 1623 417 1716 inagitata
429 1624 571 1716 remigio
584 1625 732 1707 ra'ttitaa,
747 1623 859 1693 littora
876 1623 974 1692 modo
984 1627 1138 1694 aoeriente

74 1739 188 1807 fluctu
206 1741 375 1830 inquieta,
397 1737 496 1807 modo
514 1740 666 1831 fugiente
683 1738 832 1826 decerta3
850 1717 934 1808 tetra
950 1741 1057 1834 caligo
1073 1765 1135 1810 rc-

74 1855 195 1922 mittet
220 1847 379 1922 fluctna⁴.
406 1855 526 1922 Neacio
552 1854 636 1946 qnid
660 1853 815 1922 humanit
840 1869 959 1922 natura
981 1855 1138 1924 subduxit

76 1967 212 2052 oculia,
229 1984 373 2036 extrema
389 1990 455 2036 nox
469 1967 595 2036 obruit.
642 1979 645 1985 '
949 1953 959 1959 “

52 2133 56 2141 -
130 2087 244 2153 Musa.
262 2083 363 2153 Ftada
379 2084 565 2154 belluarum
586 2085 802 2177 magnitudo,
822 2103 856 2155 et
870 2087 1038 2156 immobile
1051 2109 1135 2180 pro·

9 2265 10 2270 ,
78 2199 225 2268 fundum
251 2213 424 2284 testantur,
455 2198 655 2285 Alexander,
688 2199 775 2266 nihil
802 2201 890 2269 ultra
924 2225 1015 2284 eoae,
1046 2199 1138 2293 qnod

76 2317 219 2401 vincaa3
245 2333 429 2385 revertere.

131 2431 272 2500 Aconrn
292 2432 391 2500 Smn.
414 2433 529 2500 Terrae
545 2452 681 2521 quoque
704 2453 799 2497 auum
816 2431 918 2497 finem
935 2428 1081 2513 habent,
1104 2445 1138 2497 et

80 2549 189 2641 ipsius
213 2545 329 2615 mundi
357 2546 479 2638 aliquis
507 2568 641 2614 occasun
667 2558 734 2622 eat,
755 2542 841 2611 nihil
868 2543 1037 2611 infinitum
1059 2560 1133 2628 eat,

81 2663 218 2734 modum
234 2659 454 2756 magnitudini
469 2661 579 2730 lacere
592 2642 712 2742 debeo,
729 2682 833 2750 quum
843 2658 948 2728 forma
963 2682 1030 2725 non
1043 2659 1134 2728 lacit.

81 2781 198 2874 Magni
210 2779 355 2872 pectoris
368 2793 418 2846 cat
430 2779 519 2846 inter
527 2774 673 2844 secunda
686 2773 880 2843 moderatio.
897 2774 1059 2842 Eumdam
1070 2775 1138 2843 for·

82 2909 164 2964 tuna
178 2896 326 2964 victoriae
346 2909 438 2979 tuae,
457 2915 558 2984 quem
576 2905 696 2958 natura
716 2889 817 2957 finem
837 2887 927 2974 lacit,
952 2889 1135 2980 Imperium

120 3084 142 3116 a.
169 3061 228 3133 Quo
250 3061 299 3112 tibi
321 3079 403 3129 opera
427 3070 466 3113 eat
486 3059 584 3111 adesse.
633 3056 751 3120 vocavit,
772 3054 922 3128 longiusque
939 3074 1041 3128 pergere
1061 3056 1139 3128 iuuit.

85 3139 202 3193 Sohottna
220 3138 271 3192 hoc
288 3139 319 3192 de
333 3127 509 3210 locoamplina
522 3155 585 3206 pro·
632 3134 731 3189 seton.

86 3217 192 3272 nuntiat.
208 3217 253 3270 Me
269 3217 360 3281 etiam,
372 3217 462 3281 fateor,
477 3215 523 3267 din
534 3214 585 3266 ha·
665 3209 1138 3272 3.Immensum,etltumenoe.l’etreiua

84 3294 141 3346 buit
153 3293 283 3346 aaercitnrn
296 3311 302 3344 :
318 3312 364 3346 nec
375 3292 457 3344 adhuc
467 3289 505 3342 illi
516 3302 586 3343 attn-
631 3293 757 3358 petimus,
776 3299 819 3341 aut
835 3290 994 3358 ingredimur
1006 3287 1082 3340 vellet
1092 3289 1137 3341 in-

81 3371 139 3424 ·lero
147 3389 233 3442 opem,
246 3369 293 3424 niti
304 3371 368 3423 milii
379 3369 518 3422 concedant
525 3387 588 3420 ern-
635 3379 735 3420 certum.
745 3367 786 3418 'l'n
795 3363 1063 3418 leviasimarnntatione
1073 3367 1139 3419 acri-

87 3445 148 3511 diti,
162 3458 190 3498 ut
207 3446 321 3499 voculam
333 3465 411 3498 unam
423 3445 539 3498 inaeranl.
550 3445 589 3496 lta
635 3443 666 3497 bo
678 3445 854 3496 :Immensum
863 3451 902 3495 est
912 3453 936 3495 et
948 3443 1081 3505 humana,
1093 3455 1138 3496 etc.

88 3523 145 3588 liet,
158 3528 227 3576 teuit
237 3526 279 3578 ille
289 3525 353 3584 dies,
365 3524 528 3583 Alexander,
541 3541 590 3574 ear·
636 3521 673 3573 lta
683 3531 879 3589 nnmeruaatque
887 3519 973 3570 omnia
981 3520 1139 3572 convenient.

88 3610 198 3668 optatam,
215 3620 265 3668 quc
276 3599 325 3653 tibi
334 3618 418 3668 operte
430 3609 468 3651 est
477 3601 529 3650 treis
538 3598 589 3648 ad·
638 3595 742 3648 Schult.

89 3696 151 3732 esse.
163 3677 261 3731 Saluta.
669 3673 694 3735 4.
718 3672 795 3724 Tetra
815 3673 899 3739 cult'go
916 3670 1142 3740 nmittetfluttus.

103 3803 106 3810 ,
122 3771 146 3806 a.
158 3753 421 3807 Ir'demtunttermt'ni
428 3761 454 3805 et
463 3753 534 3822 regni
542 3751 589 3812 tui,
638 3749 699 3801 Post
710 3748 793 3816 caligo
804 3746 965 3818 interpungo.
976 3746 1041 3798 lnde
1051 3747 1087 3798 aie
1098 3747 1141 3799 le-

89 3829 591 3902 etmundt'.SicetAleaanderipeeeaota·
639 3847 673 3900 go
691 3825 831 3889 :Rzmtntt
845 3825 950 3893 fluetus.
967 3826 1060 3878 Nescio
1079 3827 1142 3892 quin

89 3909 231 3978 tiono,gua
242 3919 311 3978 capta
320 3905 386 3979 apud
394 3907 472 3959 Indos
483 3904 591 3975 Sangala
628 3904 711 3974 *quod
734 3903 855 3954 damonia
882 3901 988 3953 Natum
1012 3899 1144 3953 subduxit

91 3983 180 4037 militat
204 3983 395 4048 tumultuantur,
414 3983 446 4036 ad
468 3981 592 4034 delectio-
639 3984 728 4043 oculis,
739 3989 835 4033 aterna
845 3996 902 4028 noa·
910 3976 1002 4028 abrasit.
1011 3976 1047 4028 Ut
1056 3993 1141 4026 occare-

91 4080 194 4132 nemqua
210 4073 346 4133 spectantes
365 4062 397 4114 ad
419 4059 532 4113 officinm
548 4079 592 4111 re-
640 4069 677 4110 rat
688 4055 758 4124 qnasi
768 4051 988 4124 taeiteobjectioni
999 4047 1143 4105 Alexandri.
