2878 4816
217 567 662 638 coumovsnsusnu
685 569 766 636 un.
793 569 846 654 11,
872 573 903 636 s.
1027 572 1113 640 '161

42 723 133 792 quum
149 721 256 766 veros
284 697 539 790 compressisset
557 695 715 778 affectus,
737 711 771 762 et
790 696 875 764 irem
899 695 1118 792 doloremque

42 818 146 911 proctd
164 815 379 910 expulisset,
398 836 517 906 parum
534 812 622 880 bene
641 811 766 880 imitari
785 827 919 918 poterat
936 839 1012 906 quae
1031 817 1118 889 effu·

44 947 139 1026 gerat.
156 930 336 1009 suasoriis
352 929 464 1021 optior
476 943 550 996 erat
565 954 573 995 ε
590 927 740 996 locorum
750 927 908 1011 habitus,
925 929 1121 1002 fluminum-

44 1075 100 1142 que
114 1050 306 1127 decursus,
333 1059 368 1112 ct
394 1043 531 1112 urbium
559 1046 663 1127 situs,
691 1069 869 1138 moresque
891 1048 1119 1140 populorum,

45 1189 131 1233 nemo
142 1163 334 1256 descripsit
348 1159 591 1229 abundantius.
610 1163 793 1253 Nunquam
807 1164 924 1256 inopia
935 1165 1032 1234 verbi
1045 1165 1124 1234 sub·

45 1281 135 1362 stitit,
151 1281 214 1348 sed
232 1279 454 1350 velocissimo
473 1301 576 1346 cursu
594 1301 634 1345 ac
648 1277 810 1348 facillimo
827 1303 944 1350 omnes
956 1305 1012 1352 res
1024 1281 1124 1352 bento

48 1395 301 1464 circumfluebat
318 1394 441 1462 oratio.
467 1395 548 1462 Haec
569 1417 610 1460 eo
630 1392 810 1475 libentius,
830 1395 939 1478 Meta,
956 1396 1008 1469 fiii
1021 1400 1126 1466 coris-

50 1511 140 1594 sime,
163 1513 307 1594 refero,
328 1513 411 1604 quia
430 1508 529 1578 video
544 1512 694 1581 animum
712 1525 809 1578 tuum
828 1534 849 1577 a
866 1510 1028 1580 civilibus
1046 1511 1127 1582 offi-

51 1627 102 1694 ciis
123 1627 399 1707 abhorrentem,
427 1643 462 1694 et
488 1625 531 1694 ab
558 1627 650 1694 omni
680 1625 809 1694 ambitu
836 1650 992 1696 aversum
1009 1638 1033 1710 ¹,
1060 1626 1128 1696 hoe

53 1765 141 1812 unum
156 1747 488 1839 concupiscentem,
507 1742 597 1810 nihil
611 1743 854 1836 concupiscere
867 1748 895 1829 ²,
911 1758 949 1812 ut
963 1743 1129 1838 eloquen-

55 1857 99 1924 tiae
115 1875 245 1929 tantum
267 1857 428 1944 studeas,
451 1856 619 1926 ieciiissb
633 1857 748 1924 hucin
766 1871 986 1928 omnessrtes
1002 1857 1130 1928 decur-

57 1995 103 2040 sus
124 1992 183 2044 est.
203 1977 357 2046 Instruit
374 1975 496 2052 etiam,
523 1996 609 2066 quos
634 1996 704 2040 non
730 1972 796 2043 sibi
821 1989 969 2044 exercet.
984 1977 1057 2047 Nee
1077 1989 1129 2044 est

58 2087 133 2177 quod
150 2089 299 2158 insidias
318 2103 417 2181 putes
436 2088 498 2156 tibi
513 2089 588 2156 fieri
598 2137 609 2172 ,
633 2088 728 2178 quasi
744 2085 780 2154 id
797 2111 917 2181 egam,
937 2103 976 2156 ut
993 2105 1027 2157 te
1039 2087 1129 2160 bene

59 2203 191 2274 cedentis
215 2206 328 2276 studii
359 2205 454 2296 leber
478 2220 592 2272 teneat
606 2197 632 2270 ³.
653 2207 726 2298 Ego
749 2227 831 2275 vcro
854 2229 924 2274 uon
940 2228 1016 2274 sum
1033 2203 1131 2276 bonae

62 2325 167 2391 nentis
175 2324 463 2419 impedimentum
477 2349 485 2388 :
501 2345 606 2415 perge
621 2345 689 2414 quo
704 2321 846 2392 inclinat
858 2325 1011 2392 suimus:
1027 2340 1062 2392 et
1069 2345 1131 2417 pa-

63 2449 144 2508 temo
155 2459 341 2511 contentus
352 2441 492 2525 ordine,
509 2439 641 2508 subduc
657 2439 801 2508 fortunae
815 2465 971 2534 magnam
985 2443 1036 2510 tui
1049 2465 1129 2535 pse-

65 2566 131 2622 tom.
152 2561 230 2626 Erat
249 2555 390 2651 quidem
417 2555 477 2624 tibi
506 2557 614 2647 majus
639 2555 817 2648 ingenium
842 2580 944 2648 quom
967 2555 1141 2630 fratribus
1185 2623 1187 2626 ,
1285 2577 1289 2586 ’

64 2667 135 2753 tuis,
155 2672 310 2740 omnium
326 2671 492 2740 bonorum
511 2669 635 2737 artium
653 2667 931 2762 capacissimum:
946 2684 997 2737 est
1014 2684 1048 2736 ct
1063 2668 1132 2738 hoc

66 2782 159 2874 ipsum
181 2789 339 2858 melioris
364 2789 496 2881 ingenii
522 2788 665 2880 pignus,
689 2810 759 2854 non
780 2787 954 2880 corrumpi
977 2786 1130 2856 bonitate

68 2898 142 2988 ejus,
155 2920 192 2972 ut
206 2906 273 2973 illo
288 2902 376 2972 male
391 2905 510 2972 utaris.
526 2903 593 2972 Sed
615 2904 774 2994 quoniam
795 2902 958 2972 fratribus
974 2904 1041 2971 tuis
1055 2926 1130 2970 am·
1218 2961 1224 2972 ,

68 3009 176 3089 bitiosae
193 3047 289 3090 eurae
308 3036 404 3104 sunt,
430 3020 572 3112 foroque
596 3043 631 3085 se
657 3037 691 3086 et
712 3016 901 3086 honoribus
924 3033 1065 3112 purant,
1093 3021 1130 3088 iu

70 3221 110 3292 3²¹,
120 3245 144 3280 nt
157 3233 268 3302 quadret
288 3230 354 3283 illud
372 3229 568 3282 Terentianum:

74 3303 216 3364 «vultuosam
227 3313 343 3363 frontem
355 3309 422 3380 rogis
432 3308 571 3378 insurgen-

73 3377 125 3435 tibus
135 3386 320 3441 asseverabat.»
332 3385 431 3438 Schult.

27 3477 28 3480 ’
98 3465 570 3520 1.Adomuiumbituoversum.Pru·-

28 3541 31 3614 ³,
75 3541 571 3600 rutenusumenambitienemhoeltte-

30 3657 31 3666 η
75 3611 219 3677 homilium
227 3619 570 3684 vocavitTacitus,Auu·iib.

31 3723 33 3768 g
77 3689 159 3752 RN.
170 3701 268 3756 Faber.
332 3725 336 3733 ·

32 3791 33 3796 ’
103 3791 121 3822 ²·
130 3773 182 3832 ffoe
192 3799 278 3834 unum
288 3780 517 3846 concupiscentem,
529 3779 573 3828 ni-

79 3841 108 3898 dii
114 3863 287 3927 concupiscere.
300 3857 374 3910 Unus
391 3873 420 3908 cs
433 3856 513 3908 tribus
525 3855 572 3907 Se-

80 3939 132 3980 m!
141 3930 195 3988 filiis
204 3933 364 4008 eloquentius
377 3934 538 4000 intendebat,
551 3947 576 3986 et

80 3995 125 4058 htit
147 4015 247 4068 tantuin.
273 4011 408 4067 Fretribus
436 4013 576 4068 unibitiosae

84 4100 139 4139 eunt
149 4112 207 4150 rure
220 4109 244 4149 et
257 4095 404 4149 studiorum
416 4094 459 4147 via
470 4107 576 4150 couten-

85 4159 156 4249 ifient
165 4175 193 4228 sd
204 4175 319 4229 honores
331 4191 456 4246 :quorum
470 4173 513 4228 hic
524 4175 574 4226 mi-

85 4254 136 4296 ΝΜ
148 4265 193 4304 eret
204 4255 304 4308 sitiens.
315 4251 417 4306 ScduIt.

110 4321 130 4380 3·
142 4328 172 4383 Ut
188 4345 212 4410 te
229 4339 297 4391 bene
311 4336 424 4388 cedentis
437 4335 519 4386 studii
529 4335 577 4386 Ia-

147 4417 168 4478 l.
189 4424 305 4486 Senecae
315 4443 389 4505 pars
402 4420 535 4482 secundo.

619 3229 667 3279 bor
673 3238 766 3280 teneat.
776 3228 895 3302 Egoque,
904 3249 983 3299 quum
994 3229 1035 3284 isti
1045 3229 1129 3284 studio

621 3307 664 3360 din
672 3309 732 3362 satis
739 3321 764 3376 et
773 3307 879 3361 feliciter
889 3309 1055 3375 insudaveris,
1066 3332 1131 3385 pro-

621 3386 746 3458 posuerim
761 3384 793 3437 ad
805 3386 853 3439 elie
864 3398 887 3440 te
896 3388 1035 3455 traducere,
1046 3390 1133 3444 mui-

619 3465 735 3532 meilis,
749 3463 841 3535 quibus
858 3465 939 3520 dediti
956 3480 1016 3522 sunt
1034 3470 1131 3524 iratres.

619 3545 673 3599 Sed
682 3535 763 3615 quum
775 3542 876 3616 cogito,
890 3564 977 3598 verum
993 3557 1045 3614 est,
1056 3547 1133 3601 tator

621 3634 721 3676 terrent.
734 3621 876 3696 Respicitur
896 3624 929 3676 sd
948 3623 1009 3690 itta.
1025 3644 1083 3697 quse
1100 3626 1131 3680 de

622 3702 720 3756 Arellio
732 3703 815 3756 Fusco
829 3714 853 3754 et
869 3701 983 3758 Fabiano
996 3714 1135 3758 memorato

621 3795 688 3836 sunt.
699 3781 753 3850 Qui
766 3782 861 3835 summi
870 3781 919 3836 viri
927 3783 1039 3838 maximo
1047 3783 1134 3837 labore

622 3860 678 3926 nsi,
690 3859 810 3914 absolute
823 3861 874 3914 suis
884 3861 994 3936 pertibus
1009 3860 1136 3916 fecundis

625 3939 745 4010 consequi
776 3938 879 3992 laudem
910 3960 963 3994 uon
992 3951 1135 4013 potuerunt.

626 4016 742 4088 Quorum
761 4017 874 4090 exemplo
891 4035 1092 4089 recognoscens,
1108 4027 1139 4072 ut

625 4096 703 4152 relate
716 4109 786 4150 erant
798 4118 812 4150 a
825 4109 907 4168 petre,
920 4094 1042 4149 deterreri
1054 4114 1069 4148 e
1080 4106 1138 4148 stu-

625 4171 669 4227 dio
680 4174 831 4248 eloquentie
842 4185 923 4247 posset
932 4172 1019 4236 Mete,
1029 4184 1053 4226 et
1062 4175 1139 4246 proin

625 4251 762 4327 suspicari,
774 4252 843 4322 quod
854 4251 901 4304 iste
912 4249 1060 4306 recitetioue
1072 4250 1139 4304 insi·-

627 4331 681 4385 diss
693 4331 741 4384 sibi
754 4343 825 4402 peter
836 4329 937 4384 feceret.
947 4327 1046 4384 Seius.

978 4439 1010 4477 tt
