2876 4804
666 609 1112 702 PRAEMONITIO

354 833 406 890 DE
422 833 799 894 CONTROVERSIARUM
815 837 863 894 ΕΤ
881 837 1155 896 sussotttautm
1168 841 1408 914 DISCRIMINE,

531 959 568 996 ΕΤ
582 957 619 994 DF.
633 960 743 996 ORDINE
761 959 791 995 IN
806 960 880 995 luas
894 960 1016 995 enertms
1030 961 1228 1000 numentano.

814 1111 946 1132 *-

392 1254 585 1317 Materiarum
601 1251 678 1334 apud
693 1253 822 1312 rhetores
838 1251 956 1311 Latinos
977 1251 1035 1312 duo
1051 1276 1157 1336 genera
1170 1267 1291 1316 tractata
1304 1275 1401 1322 suut:

351 1355 508 1429 suasoria,
525 1367 554 1413 et
568 1353 784 1414 Controversia.
799 1349 874 1412 Nam
887 1373 978 1434 quum
992 1351 1170 1432 Declamatio
1182 1354 1355 1434 judiciorum
1372 1373 1405 1420 et

352 1454 533 1515 consiliorum
549 1453 643 1532 imago
658 1453 708 1524 sit,
725 1462 758 1508 ut
773 1447 972 1508 Controversia
988 1447 1084 1508 sorum
1096 1447 1246 1532 exprimit,
1262 1455 1300 1512 ita
1321 1453 1403 1514 Sua-

350 1552 423 1610 soria
439 1548 547 1608 consilii
570 1546 693 1606 formam
707 1547 830 1622 exhibet.
859 1541 925 1604 Haec
941 1547 1032 1626 magis
1048 1569 1203 1633 puerorum
1218 1547 1293 1625 suit,
1308 1573 1327 1610 a
1342 1575 1403 1634 quo

350 1647 392 1706 illi
410 1643 588 1705 declamandi
610 1642 736 1702 studium
761 1643 958 1722 incipiebant:
972 1643 1020 1702 illa
1041 1647 1261 1724 provectiorum.
1278 1647 1403 1709 Duabus

349 1757 445 1804 autem
460 1742 496 1801 de
513 1743 604 1806 causis
615 1740 755 1802 Suasoriis
766 1740 845 1820 prius
861 1739 1046 1799 exercebatur
1060 1763 1153 1822 puer,
1168 1765 1255 1826 quam
1272 1738 1401 1806 Contro-

349 1841 446 1900 versiis
458 1864 466 1900 e
479 1842 568 1899 altera
580 1841 647 1920 quia
659 1837 798 1898 Suasoriae
817 1837 974 1913 faciliores,
991 1840 1145 1920 minusque
1161 1843 1266 1900 virium
1280 1855 1309 1901 et
1325 1866 1401 1924 pru·

347 1937 451 2021 dentiae
467 1939 614 2018 requirere
628 1934 781 1995 videntur:
795 1933 887 1993 altera
900 1935 987 1994 etiam
1004 1935 1072 2016 quia
1086 1938 1109 1994 is
1120 1937 1184 1996 finis
1199 1938 1304 1998 rhetori
1329 1963 1401 2020 pro-

250 2041 253 2048 '
347 2036 454 2115 positus
471 2047 525 2107 est,
534 2037 670 2113 juvenem
687 2031 748 2089 soro
762 2033 856 2110 potius
869 2031 1081 2111 quamconsilio
1093 2053 1261 2113 praeparare,
1273 2039 1355 2115 cujus
1370 2039 1398 2097 in

347 2135 465 2216 imperio
485 2134 577 2191 minor
593 2143 623 2189 et
636 2131 727 2188 rarior
741 2129 854 2210 publice
868 2151 936 2188 usus
952 2141 1005 2188 est.
1030 2129 1073 2190 Eu
1094 2133 1203 2190 ratione
1227 2133 1308 2192 velut
1328 2157 1398 2215 pro-

346 2251 514 2311 gymnasma
525 2229 561 2288 ad
571 2227 801 2288 Controversiam
809 2225 943 2286 Suasoria
951 2238 1083 2307 reputata
1093 2239 1146 2302 est,
1154 2230 1398 2309 quemadmodum

345 2327 450 2387 fabulae
462 2371 470 2402 ,
483 2327 567 2385 chriae
581 2371 590 2400 ,
605 2326 770 2399 sententiae,
797 2325 851 2382 loci
877 2344 1060 2398 communes,
1085 2324 1200 2399 theses,
1221 2327 1395 2410 ethologia,

343 2440 407 2506 quae
423 2438 452 2483 et
476 2428 594 2482 ἠθοποιῑαι
610 2422 776 2501 Aphthonio
789 2421 944 2496 dicuntur,
956 2433 1114 2502 caeteraque
1128 2425 1266 2502 ejusmodi
1281 2425 1394 2488 dicendi

342 2521 511 2602 primordia.
530 2543 593 2602 quae
618 2520 667 2578 illo
688 2524 906 2587 προγυμνασμάτων
920 2519 1037 2576 nomine
1050 2518 1354 2600 comprehenduntur:
1366 2539 1396 2585 at

342 2617 448 2680 Graecis
459 2620 600 2693 maxime,
617 2617 667 2698 qui
687 2618 778 2696 magis
791 2637 907 2674 suorum
929 2635 1047 2694 operum
1059 2635 1146 2674 onera
1159 2661 1168 2690 ,
1184 2617 1282 2698 inquit
1293 2619 1393 2699 Quiu-

340 2718 476 2790 tilianus,
492 2730 521 2776 et
536 2715 652 2776 modurn
674 2724 838 2788 noscentes,
851 2713 947 2770 omnia
970 2711 1026 2774 baec
1039 2712 1092 2770 sibi
1106 2715 1308 2792 retinuerunt,
1334 2741 1390 2778 noa

300 2889 303 2898 Α
339 2813 448 2874 Latinis
457 2814 508 2893 qni
518 2857 527 2885 ‚
538 2813 597 2870 haee
607 2819 822 2868 contemnentes
833 2851 841 2883 ,
853 2806 1054 2866 Grammaticis
1066 2810 1222 2868 necessaria
1239 2809 1387 2889 feceruut,

338 2911 486 2990 solamque
503 2907 822 2984 controversiamque
842 2924 963 2983 puerum
985 2905 1126 2983 mysteriis
1149 2908 1208 2966 suis
1223 2909 1387 2984 initiarent,

255 3007 257 3016 ’
339 3000 1387 3088 antequamadrerasControversiasadmitterent‚sibireceperunt.Haee

291 3151 294 3156 .
337 3102 543 3185 colligerelicet
553 3122 588 3159 ex
597 3097 1232 3178 Quintiliano,Tacito,Aphthouio‚Theonc.
1241 3100 1386 3164 Suasorias

337 3219 407 3259 vero
436 3219 590 3278 puerorum
619 3196 705 3255 fuisse
728 3206 832 3274 praeter
857 3193 922 3253 illos
943 3206 1071 3254 auctores
1097 3193 1203 3257 indicat
1218 3197 1383 3275 Juvenalis,

337 3309 391 3356 sat.
410 3315 421 3355 1
433 3339 442 3372 ,
454 3295 486 3353 iis
498 3294 642 3354 versibus:

440 3447 471 3495 Et
484 3461 529 3494 nos
541 3461 600 3509 ergo
611 3460 709 3492 uranum
721 3443 805 3492 ferula
814 3443 995 3502 subduximus,
1004 3455 1029 3493 ct
1038 3461 1083 3493 noa

441 3536 576 3587 Consilium
587 3535 699 3586 dedimus
708 3531 796 3599 Syllo,
806 3536 915 3600 privatus
926 3545 955 3584 ut
967 3535 1043 3582 altum

439 3625 571 3674 Dormit-et.

333 3735 372 3796 Et
384 3733 499 3798 Persius
514 3739 542 3795 S.
561 3737 614 3811 111,
631 3735 686 3795 illis
701 3757 786 3794 verus.

438 3864 506 3924 Sapo
515 3861 600 3909 oculos
611 3897 618 3924 ,
633 3862 729 3908 memini
740 3898 748 3922 ‚
760 3861 881 3925 tingebam
892 3877 981 3926 parvus
990 3863 1068 3924 olivo,

436 3949 542 3997 Grandia
552 3952 571 3998 si
583 3949 672 3998 nollem
682 3951 801 3998 morituro
813 3950 886 3998 verba
895 3947 984 4000 Catoni

434 4039 529 4090 Dicere.
