2842 4812
1 559 2 562 Ἴ
257 469 692 538 CONTROVERSIARUM
716 471 800 538 llll.
822 471 892 552 111,
921 495 973 536 ao.
1090 495 1155 560 ²99

1 595 2 682 l
90 620 154 683 est,
175 600 266 670 nihil
285 621 358 668 esec
382 620 489 690 puero
507 611 591 665 teste
607 596 749 682 certius,
775 598 893 689 utique
915 598 1151 688 quinquenni:
1239 585 1245 600 ’

1 693 2 698 ¹
87 733 187 810 puts,
207 739 275 785 nec
291 716 322 783 si
340 711 537 806 quadrimus
560 733 659 804 puer,
683 713 777 780 testis
797 727 868 796 est,
889 735 952 779 nec
968 711 1002 780 si
1017 735 1073 778 sex
1090 733 1154 780 sn-

57 867 60 877 ·
86 855 221 902 norum.
239 829 332 900 Illud
345 829 579 899 venustissime
589 825 773 919 adjiciebat
787 853 795 894 ε
807 830 923 913 Putes,
940 828 1074 919 inquit,
1089 826 1154 894 ali-

86 947 170 1040 quid
186 949 245 1041 agi
255 997 267 1033 ,
290 947 403 1016 omnia
420 947 458 1013 in
473 945 538 1012 hac
557 945 722 1012 sententia
749 945 986 1037 circumspecti
1008 944 1155 1011 hominis

1 1145 2 1148 Ἴ
86 1080 177 1148 sant,
191 1064 320 1148 finitio,
334 1061 500 1156 exceptio.
516 1058 610 1128 Nihil
623 1076 673 1129 est
686 1076 798 1129 autem
812 1058 1038 1144 inamabilius,
1056 1083 1155 1151 quam

1 1225 2 1228 =
87 1179 238 1274 diligens
246 1177 410 1248 stultitia.
428 1180 586 1246 Moram
601 1181 746 1245 Vorraur
759 1178 960 1246 sententiam
978 1177 1060 1246 huic
1079 1178 1157 1245 nie-

87 1296 143 1365 bat
159 1319 241 1366 esee·
255 1295 399 1364 similem
410 1342 420 1377 ‚
445 1308 479 1362 et
498 1290 688 1364 deridebat.
712 1291 800 1360 Aere
823 1294 1015 1360 omnino-et
1031 1315 1156 1385 exper-

86 1425 218 1479 rectum
236 1424 288 1476 est
304 1407 430 1476 animal
447 1409 558 1490 canis,
575 1409 693 1499 utique
706 1408 896 1474 catenarius
911 1421 1059 1500 paratus.
1075 1409 1157 1473 Erat

88 1543 201 1595 antem
220 1546 291 1592 non
309 1547 423 1616 aequus
440 1523 506 1618 ipsi
524 1522 940 1592 Montanaaceuoverat
956 1520 1051 1589 illum
1065 1521 1156 1613 apud
1219 1567 1223 1573 .

85 1642 255 1712 &mrem
266 1687 277 1724 ,
288 1663 318 1708 a
339 1637 492 1707 colonia¹
510 1638 722 1708 Narbonensi
736 1653 903 1733 rogatus,
923 1654 958 1707 at
974 1618 1157 1706 Montanus

86 1753 170 1825 adeo
195 1769 268 1824 toto
292 1755 404 1823 animo
427 1753 645 1823 scholasticus
668 1770 758 1838 erat,
784 1770 824 1824 ut
842 1753 960 1823 eodem
985 1753 1062 1835 die,
1089 1777 1157 1845 quo

86 1883 267 1939 accusatus.
277 1892 298 1935 a
311 1867 441 1936 Vinitio
458 1868 701 1952 decertaverit,
718 1871 754 1936 in
767 1870 888 1936 Vinitii
900 1869 1066 1936 actionem
1079 1891 1159 1934 sen*

87 1987 211 2058 tentiae
238 2007 316 2052 suas
340 1982 521 2053 referebat.
550 1984 730 2078 Eleganter
753 1983 840 2053 illud
866 1985 951 2052 dixit
971 1986 1155 2054 Sesamos:

86 2107 185 2199 Rogo
202 2099 372 2193 numquid
387 2119 485 2195 putas
499 2103 596 2171 illum
609 2103 747 2172 alteram
768 2121 899 2196 partem
919 2101 1160 2172 ’declamassei'

132 2201 1160 2312 Gravisscholasticosmorbusinvasit:exemplaquumdixe·
1219 2282 1223 2293 .

1 2383 2 2420 ,
87 2354 169 2407 runt
179 2333 209 2421 ³,
225 2335 343 2405 volunt
356 2352 389 2404 et
405 2335 463 2404 illa
477 2334 520 2403 ad
533 2333 673 2428 aliquod
689 2338 926 2406 controversiae
941 2336 1054 2407 thema
1067 2336 1159 2405 redi·

1 2475 2 2512 t
88 2476 184 2547 gere.
201 2455 276 2521 Hoc
289 2451 728 2543 utaliquandofaciendum
743 2467 996 2543 cst,quumres
1012 2455 1158 2546 patitur,

1 2565 2 2576 ’
86 2573 134 2640 ita
147 2571 398 2664 ineptissimum
412 2583 465 2638 est
477 2568 597 2638 luctari
613 2593 689 2637 cum
707 2570 866 2654 materia,
881 2585 916 2636 et
934 2568 1035 2661 longe
1048 2593 1160 2636 arces-

1 2707 2 2756 }
88 2683 276 2765 secessio,
297 2680 465 2774 quomodo
482 2682 563 2750 fecit
584 2682 621 2749 in
634 2680 700 2750 hac
713 2680 943 2750 controversia
955 2683 1067 2762 Mosa,
1083 2683 1157 2772 qui,

1 2851 2 2868 ,
91 2793 343 2889 quumdiceret
355 2819 421 2888 pro
435 2794 506 2863 filio
521 2794 630 2863 locum
646 2794 689 2863 de
703 2794 913 2888 indulgentia
925 2794 1107 2862 liberorum
1124 2797 1160 2861 in

88 2927 270 3006 parentes,
292 2913 386 2980 venit
407 2910 452 2979 ad
477 2911 584 2979 lilium
610 2913 714 2980 Croesi
744 2928 778 2980 et
795 2914 867 2996 ait,
892 2915 1006 2980 Mutus
1029 2913 1065 2979 in
1093 2935 1160 3004 pe-

1 3059 2 3064 *
89 3029 198 3102 riculo
214 3028 321 3121 patris
338 3026 504 3096 naturalia
518 3028 611 3094 vocis
624 3021 866 3121 impedimenta
879 3031 991 3124 rupit,
1008 3029 1067 3120 qui
1083 3025 1161 3121 plus

93 3239 175 3292 «Non
182 3238 328 3292 vulneravit
337 3255 486 3303 novercam,
496 3237 539 3290 sed
555 3238 603 3289 siri
686 3261 711 3292 a.
723 3242 862 3311 Numquid
869 3245 950 3311 putas
961 3243 1037 3294 illam
1046 3242 1159 3292 alterum

91 3314 130 3367 sui
141 3315 269 3388 sanguine
282 3315 419 3389 aspersit.»
431 3315 529 3368 Schull.
651 3329 754 3386 partem
763 3320 947 3371 declamasse?
960 3315 1102 3369 Sententiae
1112 3315 1160 3368 Se-

125 3411 147 3445 r.
166 3393 196 3443 A
213 3394 316 3446 ιοΙοηίιι
334 3391 507 3445 Narbonensi.
528 3391 604 3445 Unde
653 3394 860 3463 nianusquibus‚
874 3414 974 3448 cansam
987 3395 1160 3460 dicens,usus

91 3469 145 3536 ipse
157 3484 219 3524 crat.
230 3470 357 3530 Martialis
370 3470 414 3524 lib.
426 3471 471 3524 tx.
484 3471 603 3526 Cornelio
652 3488 718 3539 erat,
728 3473 843 3526 recitavit
853 3493 860 3528 z
870 3493 927 3542 quta
939 3473 973 3526 ita
987 3485 1057 3525 erant
1065 3471 1160 3525 Decla-

92 3547 170 3602 Cesso
183 3559 208 3600 et
215 3547 312 3604 Minio
322 3547 434 3622 Agrippa
445 3549 514 3602 Coss.
527 3569 604 3602 cum-
652 3550 766 3604 materiae
776 3589 783 3614 ,
793 3563 819 3603 ut
829 3550 857 3602 in
867 3550 923 3602 loro
935 3561 1079 3621 appareret,
1089 3547 1160 3617 quasi

1 3691 2 3700 ἵ
91 3623 149 3676 dem
163 3624 304 3678 Votiennm
317 3624 462 3694 cognitione
473 3626 558 3680 habits
569 3626 602 3679 ob
652 3627 679 3679 in
695 3627 757 3680 lude
774 3627 870 3701 egisse,
883 3626 928 3679 ubi
941 3626 969 3678 in
983 3626 1069 3680 multis
1083 3626 1161 3679 Coa-

1 3711 2 3768 }
92 3700 603 3774 contumeliasinprincipemdietaspoenis
652 3705 779 3758 troversiis
799 3723 857 3777 pars
885 3704 962 3757 altera
989 3704 1160 3766 declamatur,

1 3807 2 3839 3
92 3775 229 3849 majestatis
246 3777 371 3831 adlectum
389 3780 486 3832 notavit
502 3780 603 3832 Tacitus
652 3801 709 3854 que
718 3783 867 3855 plerumque
885 3796 1036 3846 calcorum,
1055 3781 1099 3851 qai
1110 3779 1162 3832 de·

1 3855 2 3858 ’
92 3847 243 3916 Annallils.
253 3855 303 3922 lv,
319 3855 387 3924 quod
400 3857 431 3910 ad
449 3858 603 3930 deportatio-
651 3859 768 3913 [endunt.
786 3860 843 3913 Hoc
860 3871 974 3912 nolanam
993 3879 1039 3912 suo
1051 3853 1161 3928 eleganti

91 3951 149 3984 nem
165 3953 225 3994 mm
243 3933 412 4003 pubUeatione
428 3935 553 3990 bonorum
565 3956 601 3988 ro·
650 3957 710 3990 sane
723 3938 790 3990 dieto
802 3937 882 3991 voluit
897 3937 1031 3990 Surdinus.
1042 3933 1141 3988 Sedala

90 4009 600 4074 ferultaillaimmanisliellusomninm
682 4015 706 4068 3.
725 4015 864 4085 Exempla
880 4035 962 4081 quiem
977 4016 1110 4066 de‘oeernnt.
1123 4010 1160 4062 Ea
1196 4033 1205 4040 ·

1 4145 2 4148 Ἴ
92 4087 233 4160 insignium
244 4091 375 4152 virorum,
386 4091 431 4160 qui
443 4091 502 4144 lelix
510 4093 600 4163 Augu·
651 4093 767 4147 dixerunt
777 4093 886 4146 manime
899 4113 976 4162 quum
989 4090 1164 4144 declamarent

92 4164 124 4216 sti
140 4165 274 4240 imperium
290 4166 404 4222 doctrina
423 4181 447 4220 ct
459 4169 600 4224 eruditione
651 4170 790 4224 suasorias.
799 4170 917 4223 Undcad
926 4170 1071 4222 Controvcr.
1079 4181 1161 4220 trans·

1 4252 3 4310 i
93 4241 264 4312 illustrarunt,
274 4245 348 4299 exitio
360 4247 416 4300 luit.
425 4247 460 4299 Ν.
471 4247 567 4301 Faber.
650 4248 728 4301 ibant.
736 4247 847 4320 Dialogo
860 4248 891 4299 de
901 4245 1147 4301 oraec.35.Sclo1a
