2874 4768
282 413 878 495 ExcmPrAcortTtt.L1n.x,
905 412 935 495 4.
1070 413 1131 479 611

81 546 131 613 sic
153 538 334 638 rogantur!
365 540 491 610 Omnes
508 536 663 606 omnibns
687 539 806 629 stipem
833 536 1031 620 conferunt,
1059 539 1138 609 dum

79 661 225 752 quisque
249 658 365 740 timet,
380 679 435 736 ne
461 654 532 722 lilio
551 671 664 742 neget.
685 653 852 733 Effecisti¹
875 669 912 718 ut
931 656 1037 743 majus
1056 672 1143 721 esset

81 776 206 843 malum
226 773 364 842 educari
376 802 392 857 ,¹
409 793 509 864 qnam
530 771 665 862 exponi.
694 768 916 836 Timebantur
941 769 1018 836 lcrae
1040 786 1142 862 atque

81 905 274 984 serpentes,
292 903 326 956 et
340 887 496 956 inimicus
512 887 637 954 teneris
650 883 790 952 artubus
803 885 910 978 rigor,
925 886 1042 978 inopia
1056 909 1143 976 quo-

81 1028 151 1096 que
169 1028 178 1070 :
195 1007 284 1071 inter
299 1003 521 1094 expositorum
536 983 687 1093 pericula
700 1022 770 1066 non
782 998 1042 1067 numerabamus
1058 997 1143 1067 edn-

81 1134 260 1186 catorem.·'

133 1275 247 1344 PARS
264 1273 455 1380 ALTERA.
475 1272 690 1360 Debilitasti,
713 1273 842 1364 inquit3
861 1272 936 1366 plus
953 1274 1021 1364 illis
1036 1291 1148 1367 putres

83 1407 290 1460 nocuerunt.
313 1387 409 1484 Quid
433 1388 567 1458 videtur
593 1388 814 1480 lanistaiqui
830 1388 975 1478 juvenes
995 1390 1086 1483 cogit
1104 1391 1149 1458 nd

83 1506 237 1599 gladium
252 1523 410 1578 ettamen
424 1529 493 1579 uon
506 1520 681 1578 accusatur
695 1505 778 1575 laesoe
792 1504 940 1599 reipubl.
953 1505 1151 1599 Quidlsnoi

87 1623 150 1713 qui
169 1637 321 1713 stuprum
337 1623 407 1714 pati
421 1623 511 1712 cogit
529 1621 671 1705 inritas,
691 1641 755 1686 nec
770 1618 938 1711 rempubl.
959 1620 1056 1694 laesit.
1078 1623 1149 1710 Ego
1254 1711 1256 1714 Ι

85 1759 184 1804 rcum
200 1759 269 1803 non
283 1735 413 1802 laudari
428 1732 606 1818 desidem,
624 1733 684 1802 sed
697 1732 847 1820 absolvi3
863 1750 983 1802 noceat
996 1733 1062 1802 hoc
1078 1735 1148 1814 illi,

86 1876 192 1944 quum
206 1866 297 1944 petet
308 1854 465 1919 bonores.
477 1853 591 1922 Potest
600 1852 691 1918 enim
703 1849 826 1942 aliquit
839 1862 873 1918 et
882 1874 952 1918 non
965 1875 1038 1920 esso
1050 1851 1152 1920 bomo

86 1941 266 2048 honestus,
287 1979 320 2038 et
342 1989 413 2034 esse
430 1965 592 2034 innocens
606 1988 696 2034 reus.
713 1965 758 2034 Ut
771 1963 838 2032 illis
851 1964 992 2034 multum
1004 1966 1151 2034 ablatum

88 2082 152 2164 sit,
172 2081 241 2146 vitu
258 2079 391 2149 reddita
407 2094 469 2147 est.
488 2078 636 2173 'Reipub
656 2078 742 2174 lsesae
757 2101 825 2146 non
842 2095 951 2172 potest
964 2081 1020 2172 agi
1033 2101 1152 2158 eorum

23 2253 28 2261 .
88 2195 248 2280 nomine,
270 2195 328 2287 qui
345 2173 438 2262 extra
450 2193 605 2286 rempub.
622 2179 712 2262 sunt.
729 2197 840 2288 Egens
853 2192 975 2280 homo,
991 2210 1025 2262 et
1038 2197 1098 2286 qui
1110 2219 1154 2262 ns

91 2331 147 2376 me
167 2307 303 2399 quidem
320 2308 430 2392 alere,
449 2307 572 2380 nedum
590 2305 675 2376 alios
693 2331 847 2404 possum,
865 2309 982 2378 sustuli
997 2311 1150 2379 relictos:

93 2422 310 2514 quibns‘non
332 2421 457 2513 injuria
475 2423 572 2490 iieret
584 2471 599 2502 ,.
620 2422 647 2488 si
668 2421 798 2516 aliquid
816 2420 1073 2511 detraheretur3
1094 2425 1178 2492 sed·

91 2535 263 2605 beneficio
280 2533 437 2620 cederet,
458 2537 487 2603 si
504 2537 572 2603 vita
589 2552 794 2606 servaretur.
811 2537 952 2606 Faciant
970 2539 1151 2617 invidiam,

94 2649 212 2744 dicent
227 2650 301 2719 illos
317 2674 381 2744 per
388 2673 442 2718 me
454 2653 575 2720 misere
589 2652 722 2733 virere,
744 2649 826 2720 dum
844 2652 1011 2722 fateantur
1024 2678 1087 2746 per
1101 2679 1153 2724 me

94 2767 224 2833 rivere.
251 2751 359 2835 Unius
392 2764 624 2836 misericordia
650 2767 794 2854 vivunt,
826 2771 975 2838 omnium
1003 2770 1152 2842 aluntur.

93 2883 220 2949 Mirum
239 2897 289 2950 est
299 2931 310 2966 ,
331 2905 451 2950 vacare
468 2880 623 2951 homines
638 2880 721 2951 huic
737 2885 954 2976 cogitationi,
974 2902 1013 2954 ut
1034 2903 1155 2957 curent

94 2994 180 3088 quid
197 2994 297 3064 bomo
315 2997 490 3066 mendicus
502 2999 592 3066 inter
604 2997 776 3068 mendieos
787 3015 878 3094 agat.
893 3001 1046 3072 Civitatis
1058 3004 1155 3072 istius

95 3111 268 3204 principes
283 3109 416 3178 divitius
433 3135 508 3178 suas
522 3128 679 3180 exercent
695 3128 812 3183 contra
831 3130 983 3184 naturam
999 3143 1008 3188 z
1024 3118 1152 3186 exciso-
1209 3191 1211 3196 ,

97 3248 175 3292 rum
191 3249 312 3322 greges
328 3223 456 3294 habent
473 3251 481 3292 ε
497 3225 643 3296 exoletos
655 3243 750 3308 snos,
771 3244 809 3297 ut
828 3227 872 3296 ad
892 3229 1079 3323 longiorem
1094 3256 1155 3324 pa-

98 3341 251 3430 tientiam
260 3341 479 3435 impudicitiae
488 3341 602 3409 idonei
615 3343 702 3423 sint,
719 3359 893 3436 amputant
907 3361 960 3413 :et
971 3348 1051 3437 quia
1064 3349 1154 3444 ipsos

97 3453 205 3550 pudet
219 3457 311 3526 viros
329 3481 420 3540 esse,
439 3457 475 3526 id
491 3449 618 3553 agunt,
633 3473 783 3549 utquam
799 3462 899 3553 pauci
913 3463 979 3532 riri
996 3463 1076 3531 sint.
1093 3465 1155 3530 His

99 3593 199 3638 nemo
217 3572 382 3639 succurrit
400 3569 550 3640 delicatis
570 3589 603 3639 et
623 3564 775 3641 iorm'osis
797 3573 979 3646 debilibus.
999 3580 1151 3662 Curatis,
1225 3601 1229 3611 “

63 3775 69 3786 Ι
101 3683 178 3774 quis
196 3705 237 3748 ex
254 3681 435 3751 solitudine
459 3684 603 3752 infantes
617 3684 767 3767 auferat,
788 3689 1038 3780 periturosnisi
1055 3693 1155 3760 aule-

100 3811 220 3864 rantur
238 3823 246 3862 ε
265 3821 334 3865 non
351 3801 494 3884 curatis,
516 3798 607 3889 quod
623 3801 678 3868 isti
691 3801 781 3870 beati
799 3803 995 3888 solitudines
1010 3830 1085 3887 suas
1099 3808 1153 3875 in-

102 3936 289 4004 genuorum
314 3914 490 4004 ergastulis
514 3916 690 4002 excolunt,
715 3935 748 3984 et
770 3920 1033 4012 miserrimorum
1056 3923 1156 4013 juve-

103 4052 184 4094 num
202 4027 414 4120 simplicitate
432 4030 589 4123 decepta,
611 4034 889 4124 speciosissimum
908 4059 1097 4128 quemque,
1117 4065 1156 4107 ac
1236 4049 1243 4062 '

104 4144 246 4211 maxime
263 4144 420 4214 idoneum
439 4147 572 4234 castris,
594 4149 630 4214 in
653 4145 771 4217 ludum
789 4149 983 4219 detrudunt.
