<?xml version="1.0" encoding="UTF-8"?>
<!DOCTYPE html PUBLIC "-//W3C//DTD XHTML 1.0 Transitional//EN"
    "http://www.w3.org/TR/xhtml1/DTD/xhtml1-transitional.dtd">
<html xmlns="http://www.w3.org/1999/xhtml" xml:lang="en" lang="en">
 <head>
  <title>
</title>
<meta http-equiv="Content-Type" content="text/html;charset=utf-8" />
  <meta name='ocr-system' content='tesseract 3.04.00' />
  <meta name='ocr-capabilities' content='ocr_page ocr_carea ocr_par ocr_line ocrx_word'/>
</head>
<body>
  <div class='ocr_page' id='page_1' title='image "./lannsenecparspr00bouigoog_0180.png"; bbox 0 0 2878 4816; ppageno 0'>
   <div class='ocr_carea' id='block_1_1' title="bbox 251 283 999 359">
    <p class='ocr_par' dir='ltr' id='par_1_1' title="bbox 251 283 999 359">
     <span class='ocr_line' id='line_1_1' title="bbox 251 283 999 359; baseline -0.003 -5"><span class='ocrx_word' id='word_1_1' title='bbox 251 287 314 354; x_wconf 78' lang='lat'>168</span> <span class='ocrx_word' id='word_1_2' title='bbox 573 285 621 352; x_wconf 88' lang='grc' dir='ltr'>Μ.</span> <span class='ocrx_word' id='word_1_3' title='bbox 647 283 794 359; x_wconf 79' lang='lat' dir='ltr'><strong>ANNAEI</strong></span> <span class='ocrx_word' id='word_1_4' title='bbox 817 283 999 352; x_wconf 87' lang='lat' dir='ltr'><strong>SENECAE</strong></span> 
     </span>
    </p>
   </div>
   <div class='ocr_carea' id='block_1_2' title="bbox 145 410 1428 3774">
    <p class='ocr_par' dir='ltr' id='par_1_2' title="bbox 245 410 1340 976">
     <span class='ocr_line' id='line_1_2' title="bbox 294 410 1338 518; baseline 0.002 -32"><span class='ocrx_word' id='word_1_5' title='bbox 294 417 513 486; x_wconf 77' lang='lat' dir='ltr'>Gthrmr.</span> <span class='ocrx_word' id='word_1_6' title='bbox 527 415 562 518; x_wconf 81' lang='lat' dir='ltr'>Si</span> <span class='ocrx_word' id='word_1_7' title='bbox 573 413 712 505; x_wconf 88' lang='lat' dir='ltr'>quisme</span> <span class='ocrx_word' id='word_1_8' title='bbox 721 410 830 493; x_wconf 80' lang='lat' dir='ltr'>audit,</span> <span class='ocrx_word' id='word_1_9' title='bbox 839 412 1068 505; x_wconf 85' lang='lat' dir='ltr'>abdicarijam</span> <span class='ocrx_word' id='word_1_10' title='bbox 1078 428 1175 505; x_wconf 83' lang='lat' dir='ltr'>putat</span> <span class='ocrx_word' id='word_1_11' title='bbox 1186 415 1338 512; x_wconf 82' lang='lat' dir='ltr'>adopta-</span> 
     </span>
     <span class='ocr_line' id='line_1_3' title="bbox 245 529 1336 625; baseline 0.003 -22"><span class='ocrx_word' id='word_1_12' title='bbox 245 550 335 622; x_wconf 81' lang='lat' dir='ltr'>tum3</span> <span class='ocrx_word' id='word_1_13' title='bbox 355 531 489 625; x_wconf 79' lang='lat' dir='ltr'>quare?</span> <span class='ocrx_word' id='word_1_14' title='bbox 508 553 552 598; x_wconf 90' lang='lat' dir='ltr'>ne</span> <span class='ocrx_word' id='word_1_15' title='bbox 568 530 718 600; x_wconf 77' lang='lat' dir='ltr'>auserem</span> <span class='ocrx_word' id='word_1_16' title='bbox 732 531 823 624; x_wconf 82' lang='lat' dir='ltr'>patri</span> <span class='ocrx_word' id='word_1_17' title='bbox 837 529 968 615; x_wconf 86' lang='lat' dir='ltr'>filium,</span> <span class='ocrx_word' id='word_1_18' title='bbox 989 529 1071 598; x_wconf 84' lang='lat' dir='ltr'>filiis</span> <span class='ocrx_word' id='word_1_19' title='bbox 1088 547 1220 623; x_wconf 84' lang='lat' dir='ltr'>patrem</span> <span class='ocrx_word' id='word_1_20' title='bbox 1236 561 1244 601; x_wconf 91' lang='lat'>:</span> <span class='ocrx_word' id='word_1_21' title='bbox 1261 561 1336 606; x_wconf 88' lang='lat' dir='ltr'>nec</span> 
     </span>
     <span class='ocr_line' id='line_1_4' title="bbox 247 645 1339 744; baseline 0.003 -26"><span class='ocrx_word' id='word_1_22' title='bbox 247 667 315 718; x_wconf 83' lang='lat' dir='ltr'>turn</span> <span class='ocrx_word' id='word_1_23' title='bbox 326 650 441 718; x_wconf 79' lang='lat' dir='ltr'>vicino</span> <span class='ocrx_word' id='word_1_24' title='bbox 460 646 614 740; x_wconf 84' lang='lat' dir='ltr'>exemplo</span> <span class='ocrx_word' id='word_1_25' title='bbox 626 645 832 715; x_wconf 86' lang='lat' dir='ltr'>emenderis.</span> <span class='ocrx_word' id='word_1_26' title='bbox 849 645 921 740; x_wconf 85' lang='lat' dir='ltr'>Qui</span> <span class='ocrx_word' id='word_1_27' title='bbox 934 645 1107 714; x_wconf 86' lang='lat' dir='ltr'>abdicavit</span> <span class='ocrx_word' id='word_1_28' title='bbox 1119 671 1212 732; x_wconf 88' lang='lat' dir='ltr'>suos,</span> <span class='ocrx_word' id='word_1_29' title='bbox 1233 675 1339 744; x_wconf 82' lang='lat' dir='ltr'>qute-</span> 
     </span>
     <span class='ocr_line' id='line_1_5' title="bbox 246 761 1340 859; baseline 0.002 -25"><span class='ocrx_word' id='word_1_30' title='bbox 246 768 295 835; x_wconf 90' lang='lat' dir='ltr'>rit</span> <span class='ocrx_word' id='word_1_31' title='bbox 312 764 442 834; x_wconf 80' lang='lat' dir='ltr'>alienos</span> <span class='ocrx_word' id='word_1_32' title='bbox 459 791 467 831; x_wconf 90' lang='lat'><strong>:</strong></span> <span class='ocrx_word' id='word_1_33' title='bbox 487 763 581 835; x_wconf 83' lang='lat' dir='ltr'>nulla</span> <span class='ocrx_word' id='word_1_34' title='bbox 599 779 692 831; x_wconf 79' lang='lat' dir='ltr'>certa</span> <span class='ocrx_word' id='word_1_35' title='bbox 711 763 853 832; x_wconf 80' lang='lat' dir='ltr'>felicitas</span> <span class='ocrx_word' id='word_1_36' title='bbox 866 779 929 832; x_wconf 91' lang='lat' dir='ltr'>est.</span> <span class='ocrx_word' id='word_1_37' title='bbox 945 761 1050 832; x_wconf 88' lang='lat' dir='ltr'>Paulo</span> <span class='ocrx_word' id='word_1_38' title='bbox 1064 781 1143 833; x_wconf 86' lang='lat' dir='ltr'>ante</span> <span class='ocrx_word' id='word_1_39' title='bbox 1158 789 1221 859; x_wconf 89' lang='lat' dir='ltr'>ego</span> <span class='ocrx_word' id='word_1_40' title='bbox 1240 767 1340 836; x_wconf 86' lang='lat' dir='ltr'>divi-</span> 
     </span>
     <span class='ocr_line' id='line_1_6' title="bbox 249 877 1335 976; baseline 0 -24"><span class='ocrx_word' id='word_1_41' title='bbox 249 884 295 952; x_wconf 83' lang='lat' dir='ltr'>tit</span> <span class='ocrx_word' id='word_1_42' title='bbox 311 880 393 950; x_wconf 85' lang='lat' dir='ltr'>filiis</span> <span class='ocrx_word' id='word_1_43' title='bbox 411 879 627 964; x_wconf 83' lang='lat' dir='ltr'><strong>invidebam,</strong></span> <span class='ocrx_word' id='word_1_44' title='bbox 655 878 755 947; x_wconf 93' lang='lat' dir='ltr'>modo</span> <span class='ocrx_word' id='word_1_45' title='bbox 783 879 834 947; x_wconf 91' lang='lat' dir='ltr'>illi</span> <span class='ocrx_word' id='word_1_46' title='bbox 860 877 967 966; x_wconf 86' lang='lat' dir='ltr'>mibi;</span> <span class='ocrx_word' id='word_1_47' title='bbox 995 877 1113 947; x_wconf 85' lang='lat' dir='ltr'>laudat</span> <span class='ocrx_word' id='word_1_48' title='bbox 1138 905 1191 951; x_wconf 90' lang='lat' dir='ltr'>me</span> <span class='ocrx_word' id='word_1_49' title='bbox 1216 899 1335 976; x_wconf 86' lang='lat' dir='ltr'>pater,</span> 
     </span>
    </p>

    <p class='ocr_par' dir='ltr' id='par_1_3' title="bbox 180 993 1428 1325">
     <span class='ocr_line' id='line_1_7' title="bbox 180 993 1341 1093; baseline 0.003 -26"><span class='ocrx_word' id='word_1_50' title='bbox 180 1075 184 1083; x_wconf 25' lang='lat'>⁵</span> <span class='ocrx_word' id='word_1_51' title='bbox 242 1023 355 1093; x_wconf 88' lang='lat' dir='ltr'>quum</span> <span class='ocrx_word' id='word_1_52' title='bbox 366 996 502 1080; x_wconf 84' lang='lat' dir='ltr'>abdicet</span> <span class='ocrx_word' id='word_1_53' title='bbox 517 1023 525 1065; x_wconf 73' lang='grc' dir='ltr'><strong>ε</strong></span> <span class='ocrx_word' id='word_1_54' title='bbox 542 995 642 1064; x_wconf 87' lang='lat' dir='ltr'>laudo</span> <span class='ocrx_word' id='word_1_55' title='bbox 654 1017 718 1087; x_wconf 90' lang='lat' dir='ltr'>ego</span> <span class='ocrx_word' id='word_1_56' title='bbox 730 1011 875 1089; x_wconf 86' lang='lat' dir='ltr'>patrem,</span> <span class='ocrx_word' id='word_1_57' title='bbox 891 1020 996 1087; x_wconf 89' lang='lat' dir='ltr'>quum</span> <span class='ocrx_word' id='word_1_58' title='bbox 1008 993 1166 1084; x_wconf 73' lang='lat' dir='ltr'>abdicer,</span> <span class='ocrx_word' id='word_1_59' title='bbox 1179 1000 1251 1068; x_wconf 84' lang='lat' dir='ltr'>baec</span> <span class='ocrx_word' id='word_1_60' title='bbox 1262 1025 1341 1070; x_wconf 85' lang='lat' dir='ltr'>una</span> 
     </span>
     <span class='ocr_line' id='line_1_8' title="bbox 252 1097 1428 1210; baseline 0.003 -28"><span class='ocrx_word' id='word_1_61' title='bbox 252 1117 344 1184; x_wconf 89' lang='lat' dir='ltr'>inter</span> <span class='ocrx_word' id='word_1_62' title='bbox 360 1137 422 1183; x_wconf 91' lang='lat' dir='ltr'>nos</span> <span class='ocrx_word' id='word_1_63' title='bbox 439 1097 622 1208; x_wconf 84' lang='lat' dir='ltr'>disputatio</span> <span class='ocrx_word' id='word_1_64' title='bbox 637 1128 688 1181; x_wconf 91' lang='lat' dir='ltr'>est</span> <span class='ocrx_word' id='word_1_65' title='bbox 704 1139 712 1180; x_wconf 91' lang='lat'><strong>:</strong></span> <span class='ocrx_word' id='word_1_66' title='bbox 730 1115 794 1182; x_wconf 89' lang='lat' dir='ltr'>iste</span> <span class='ocrx_word' id='word_1_67' title='bbox 809 1137 862 1180; x_wconf 89' lang='lat' dir='ltr'>me</span> <span class='ocrx_word' id='word_1_68' title='bbox 880 1112 1023 1206; x_wconf 80' lang='lat' dir='ltr'>dignum</span> <span class='ocrx_word' id='word_1_69' title='bbox 1037 1097 1134 1208; x_wconf 83' lang='lat' dir='ltr'>putot</span> <span class='ocrx_word' id='word_1_70' title='bbox 1153 1113 1252 1183; x_wconf 80' lang='lat' dir='ltr'>bento</span> <span class='ocrx_word' id='word_1_71' title='bbox 1268 1141 1341 1210; x_wconf 81' lang='lat' dir='ltr'>pe·-</span> <span class='ocrx_word' id='word_1_72' title='bbox 1422 1127 1428 1132; x_wconf 86' lang='grc'><em>“</em></span> 
     </span>
     <span class='ocr_line' id='line_1_9' title="bbox 254 1249 1053 1325; baseline -0.004 -23"><span class='ocrx_word' id='word_1_73' title='bbox 254 1249 324 1317; x_wconf 90' lang='lat' dir='ltr'>tre,</span> <span class='ocrx_word' id='word_1_74' title='bbox 346 1255 410 1325; x_wconf 90' lang='lat' dir='ltr'>ego</span> <span class='ocrx_word' id='word_1_75' title='bbox 430 1253 518 1299; x_wconf 91' lang='lat' dir='ltr'>meo.</span> <span class='ocrx_word' id='word_1_76' title='bbox 1046 1303 1053 1318; x_wconf 57' lang='grc'>,</span> 
     </span>
    </p>

    <p class='ocr_par' dir='ltr' id='par_1_4' title="bbox 254 1348 1408 2143">
     <span class='ocr_line' id='line_1_10' title="bbox 302 1348 1341 1442; baseline 0.002 -24"><span class='ocrx_word' id='word_1_77' title='bbox 302 1351 441 1418; x_wconf 77' lang='lat' dir='ltr'>Fssrtsr</span> <span class='ocrx_word' id='word_1_78' title='bbox 458 1351 600 1418; x_wconf 82' lang='lat' dir='ltr'>Ptrrnrr.</span> <span class='ocrx_word' id='word_1_79' title='bbox 622 1349 711 1416; x_wconf 86' lang='lat' dir='ltr'>Ecce</span> <span class='ocrx_word' id='word_1_80' title='bbox 734 1348 892 1415; x_wconf 82' lang='lat' dir='ltr'>instructi</span> <span class='ocrx_word' id='word_1_81' title='bbox 911 1348 1079 1416; x_wconf 80' lang='lat' dir='ltr'>exercitus</span> <span class='ocrx_word' id='word_1_82' title='bbox 1101 1371 1187 1442; x_wconf 82' lang='lat' dir='ltr'>srepe</span> <span class='ocrx_word' id='word_1_83' title='bbox 1207 1351 1341 1420; x_wconf 84' lang='lat' dir='ltr'>civium</span> 
     </span>
     <span class='ocr_line' id='line_1_11' title="bbox 255 1464 1342 1562; baseline -0.001 -26"><span class='ocrx_word' id='word_1_84' title='bbox 255 1481 545 1562; x_wconf 79' lang='lat' dir='ltr'><strong>cognatorumque</strong></span> <span class='ocrx_word' id='word_1_85' title='bbox 563 1465 755 1535; x_wconf 77' lang='lat' dir='ltr'>conserturi</span> <span class='ocrx_word' id='word_1_86' title='bbox 769 1487 904 1545; x_wconf 84' lang='lat' dir='ltr'>manus,</span> <span class='ocrx_word' id='word_1_87' title='bbox 923 1464 1165 1549; x_wconf 86' lang='lat' dir='ltr'>constiterunt,</span> <span class='ocrx_word' id='word_1_88' title='bbox 1184 1481 1217 1533; x_wconf 92' lang='lat' dir='ltr'>et</span> <span class='ocrx_word' id='word_1_89' title='bbox 1230 1465 1342 1536; x_wconf 81' lang='lat' dir='ltr'>eolles</span> 
     </span>
     <span class='ocr_line' id='line_1_12' title="bbox 254 1580 1342 1678; baseline -0.001 -25"><span class='ocrx_word' id='word_1_90' title='bbox 254 1585 353 1678; x_wconf 87' lang='lat' dir='ltr'>equis</span> <span class='ocrx_word' id='word_1_91' title='bbox 368 1585 541 1675; x_wconf 82' lang='lat' dir='ltr'>utrimque</span> <span class='ocrx_word' id='word_1_92' title='bbox 558 1580 783 1675; x_wconf 82' lang='lat' dir='ltr'>complentur,</span> <span class='ocrx_word' id='word_1_93' title='bbox 800 1599 835 1649; x_wconf 89' lang='lat' dir='ltr'>et</span> <span class='ocrx_word' id='word_1_94' title='bbox 853 1580 1000 1649; x_wconf 79' lang='lat' dir='ltr'>subinde</span> <span class='ocrx_word' id='word_1_95' title='bbox 1016 1581 1125 1654; x_wconf 84' lang='lat' dir='ltr'>omnis</span> <span class='ocrx_word' id='word_1_96' title='bbox 1144 1584 1241 1677; x_wconf 85' lang='lat' dir='ltr'>regio</span> <span class='ocrx_word' id='word_1_97' title='bbox 1260 1599 1342 1652; x_wconf 90' lang='lat' dir='ltr'>tru-</span> 
     </span>
     <span class='ocr_line' id='line_1_13' title="bbox 255 1689 1343 1790; baseline -0.001 -21"><span class='ocrx_word' id='word_1_98' title='bbox 255 1700 445 1770; x_wconf 85' lang='lat' dir='ltr'>cidatorum</span> <span class='ocrx_word' id='word_1_99' title='bbox 456 1698 658 1790; x_wconf 86' lang='lat' dir='ltr'>corporibus</span> <span class='ocrx_word' id='word_1_100' title='bbox 670 1700 915 1780; x_wconf 84' lang='lat' dir='ltr'>consternitur,</span> <span class='ocrx_word' id='word_1_101' title='bbox 931 1689 1104 1766; x_wconf 82' lang='lat' dir='ltr'>illatorum</span> <span class='ocrx_word' id='word_1_102' title='bbox 1115 1698 1343 1768; x_wconf 81' lang='lat' dir='ltr'>multitudine</span> 
     </span>
     <span class='ocr_line' id='line_1_14' title="bbox 257 1807 1408 1910; baseline 0 -25"><span class='ocrx_word' id='word_1_103' title='bbox 257 1807 483 1900; x_wconf 81' lang='lat' dir='ltr'>cadaverum,</span> <span class='ocrx_word' id='word_1_104' title='bbox 502 1814 558 1884; x_wconf 79' lang='lat' dir='ltr'>vel</span> <span class='ocrx_word' id='word_1_105' title='bbox 581 1814 812 1908; x_wconf 86' lang='lat' dir='ltr'>spoliantium.</span> <span class='ocrx_word' id='word_1_106' title='bbox 838 1815 874 1883; x_wconf 90' lang='lat' dir='ltr'>Si</span> <span class='ocrx_word' id='word_1_107' title='bbox 899 1815 1072 1906; x_wconf 85' lang='lat' dir='ltr'>quaesierit</span> <span class='ocrx_word' id='word_1_108' title='bbox 1097 1814 1241 1908; x_wconf 85' lang='lat' dir='ltr'>aliquis,</span> <span class='ocrx_word' id='word_1_109' title='bbox 1261 1839 1342 1910; x_wconf 78' lang='lat' dir='ltr'>quae</span> <span class='ocrx_word' id='word_1_110' title='bbox 1400 1829 1408 1850; x_wconf 92' lang='lat'>&#39;</span> 
     </span>
     <span class='ocr_line' id='line_1_15' title="bbox 257 1930 1339 2024; baseline 0 -21"><span class='ocrx_word' id='word_1_111' title='bbox 257 1933 542 2012; x_wconf 81' lang='lat' dir='ltr'>causabominem</span> <span class='ocrx_word' id='word_1_112' title='bbox 556 1931 718 2001; x_wconf 85' lang='lat' dir='ltr'>adversus</span> <span class='ocrx_word' id='word_1_113' title='bbox 736 1930 909 2000; x_wconf 89' lang='lat' dir='ltr'>bominem</span> <span class='ocrx_word' id='word_1_114' title='bbox 919 1933 956 1999; x_wconf 92' lang='lat' dir='ltr'>in</span> <span class='ocrx_word' id='word_1_115' title='bbox 970 1931 1101 2000; x_wconf 82' lang='lat' dir='ltr'>facinus</span> <span class='ocrx_word' id='word_1_116' title='bbox 1114 1934 1248 2024; x_wconf 78' lang='lat' dir='ltr'>coegit?</span> <span class='ocrx_word' id='word_1_117' title='bbox 1257 1959 1339 2003; x_wconf 81' lang='lat' dir='ltr'>nem</span> 
     </span>
     <span class='ocr_line' id='line_1_16' title="bbox 258 2047 1338 2143; baseline -0.001 -24"><span class='ocrx_word' id='word_1_118' title='bbox 258 2073 372 2143; x_wconf 91' lang='lat' dir='ltr'>neque</span> <span class='ocrx_word' id='word_1_119' title='bbox 388 2049 469 2116; x_wconf 86' lang='lat' dir='ltr'>ieris</span> <span class='ocrx_word' id='word_1_120' title='bbox 494 2047 586 2116; x_wconf 85' lang='lat' dir='ltr'>inter</span> <span class='ocrx_word' id='word_1_121' title='bbox 609 2071 645 2118; x_wconf 88' lang='lat' dir='ltr'>se</span> <span class='ocrx_word' id='word_1_122' title='bbox 668 2049 757 2117; x_wconf 83' lang='lat' dir='ltr'>bella</span> <span class='ocrx_word' id='word_1_123' title='bbox 779 2051 879 2117; x_wconf 86' lang='lat' dir='ltr'>sunt¹</span> <span class='ocrx_word' id='word_1_124' title='bbox 901 2073 988 2116; x_wconf 88' lang='lat' dir='ltr'>:nec</span> <span class='ocrx_word' id='word_1_125' title='bbox 1008 2049 1036 2116; x_wconf 85' lang='lat' dir='ltr'>si</span> <span class='ocrx_word' id='word_1_126' title='bbox 1058 2048 1191 2130; x_wconf 86' lang='lat' dir='ltr'>forent,</span> <span class='ocrx_word' id='word_1_127' title='bbox 1218 2047 1338 2118; x_wconf 84' lang='lat' dir='ltr'>eadem</span> 
     </span>
    </p>

    <p class='ocr_par' dir='ltr' id='par_1_5' title="bbox 145 2143 1389 2610">
     <span class='ocr_line' id='line_1_17' title="bbox 145 2143 1389 2260; baseline 0 -26"><span class='ocrx_word' id='word_1_128' title='bbox 145 2143 150 2152; x_wconf 23' lang='grc' dir='ltr'><em>ι</em></span> <span class='ocrx_word' id='word_1_129' title='bbox 258 2167 432 2235; x_wconf 86' lang='lat' dir='ltr'>hominem</span> <span class='ocrx_word' id='word_1_130' title='bbox 443 2165 608 2249; x_wconf 81' lang='lat' dir='ltr'>deceant,</span> <span class='ocrx_word' id='word_1_131' title='bbox 626 2165 796 2260; x_wconf 87' lang='lat' dir='ltr'>placidum</span> <span class='ocrx_word' id='word_1_132' title='bbox 812 2167 1069 2258; x_wconf 87' lang='lat' dir='ltr'>proximumque</span> <span class='ocrx_word' id='word_1_133' title='bbox 1081 2165 1198 2233; x_wconf 90' lang='lat' dir='ltr'>divino</span> <span class='ocrx_word' id='word_1_134' title='bbox 1212 2189 1337 2258; x_wconf 87' lang='lat' dir='ltr'>genus.</span> <span class='ocrx_word' id='word_1_135' title='bbox 1383 2207 1389 2214; x_wconf 96' lang='lat'><em>·</em></span> 
     </span>
     <span class='ocr_line' id='line_1_18' title="bbox 259 2281 1341 2379; baseline 0 -28"><span class='ocrx_word' id='word_1_136' title='bbox 259 2284 347 2379; x_wconf 82' lang='lat' dir='ltr'>Quae</span> <span class='ocrx_word' id='word_1_137' title='bbox 361 2297 452 2351; x_wconf 85' lang='lat' dir='ltr'>tanta</span> <span class='ocrx_word' id='word_1_138' title='bbox 466 2306 525 2350; x_wconf 90' lang='lat' dir='ltr'>vos</span> <span class='ocrx_word' id='word_1_139' title='bbox 538 2282 604 2350; x_wconf 86' lang='lat' dir='ltr'>sert</span> <span class='ocrx_word' id='word_1_140' title='bbox 617 2283 681 2366; x_wconf 82' lang='lat' dir='ltr'>ira,</span> <span class='ocrx_word' id='word_1_141' title='bbox 698 2307 802 2374; x_wconf 93' lang='lat' dir='ltr'>quum</span> <span class='ocrx_word' id='word_1_142' title='bbox 816 2305 883 2349; x_wconf 87' lang='lat' dir='ltr'>una</span> <span class='ocrx_word' id='word_1_143' title='bbox 893 2282 1008 2374; x_wconf 91' lang='lat' dir='ltr'>stirps,</span> <span class='ocrx_word' id='word_1_144' title='bbox 1025 2281 1184 2373; x_wconf 88' lang='lat' dir='ltr'>idemque</span> <span class='ocrx_word' id='word_1_145' title='bbox 1199 2281 1341 2376; x_wconf 86' lang='lat' dir='ltr'>sanguis</span> 
     </span>
     <span class='ocr_line' id='line_1_19' title="bbox 260 2397 1341 2493; baseline -0.003 -24"><span class='ocrx_word' id='word_1_146' title='bbox 260 2401 333 2470; x_wconf 88' lang='lat' dir='ltr'>sitis</span> <span class='ocrx_word' id='word_1_147' title='bbox 350 2426 358 2467; x_wconf 92' lang='lat'>:</span> <span class='ocrx_word' id='word_1_148' title='bbox 375 2399 430 2468; x_wconf 91' lang='lat' dir='ltr'>vel</span> <span class='ocrx_word' id='word_1_149' title='bbox 448 2423 523 2493; x_wconf 88' lang='lat' dir='ltr'>quae</span> <span class='ocrx_word' id='word_1_150' title='bbox 541 2399 639 2468; x_wconf 69' lang='lat' dir='ltr'>iuriae</span> <span class='ocrx_word' id='word_1_151' title='bbox 653 2401 689 2467; x_wconf 94' lang='lat' dir='ltr'>in</span> <span class='ocrx_word' id='word_1_152' title='bbox 708 2416 861 2467; x_wconf 88' lang='lat' dir='ltr'>mutuum</span> <span class='ocrx_word' id='word_1_153' title='bbox 876 2399 1077 2491; x_wconf 88' lang='lat' dir='ltr'>sanguinem</span> <span class='ocrx_word' id='word_1_154' title='bbox 1094 2397 1341 2490; x_wconf 79' lang='lat' dir='ltr'>egerei’Quod</span> 
     </span>
     <span class='ocr_line' id='line_1_20' title="bbox 258 2513 1347 2610; baseline -0.003 -23"><span class='ocrx_word' id='word_1_155' title='bbox 258 2535 387 2588; x_wconf 84' lang='lat' dir='ltr'>tantum</span> <span class='ocrx_word' id='word_1_156' title='bbox 403 2519 529 2587; x_wconf 83' lang='lat' dir='ltr'>melum</span> <span class='ocrx_word' id='word_1_157' title='bbox 544 2515 694 2586; x_wconf 87' lang='lat' dir='ltr'>humano</span> <span class='ocrx_word' id='word_1_158' title='bbox 713 2517 849 2610; x_wconf 79' lang='lat' dir='ltr'>generi,</span> <span class='ocrx_word' id='word_1_159' title='bbox 872 2515 926 2585; x_wconf 86' lang='lat' dir='ltr'>vel</span> <span class='ocrx_word' id='word_1_160' title='bbox 945 2531 1054 2600; x_wconf 87' lang='lat' dir='ltr'>sorte,</span> <span class='ocrx_word' id='word_1_161' title='bbox 1076 2515 1131 2584; x_wconf 88' lang='lat' dir='ltr'>vel</span> <span class='ocrx_word' id='word_1_162' title='bbox 1149 2513 1217 2583; x_wconf 84' lang='lat' dir='ltr'>lato</span> <span class='ocrx_word' id='word_1_163' title='bbox 1235 2517 1347 2584; x_wconf 81' lang='lat' dir='ltr'>inre-·</span> 
     </span>
    </p>

    <p class='ocr_par' dir='ltr' id='par_1_6' title="bbox 167 2633 1343 3774">
     <span class='ocr_line' id='line_1_21' title="bbox 180 2633 1341 2727; baseline -0.006 -20"><span class='ocrx_word' id='word_1_164' title='bbox 180 2699 184 2707; x_wconf 92' lang='lat'>.</span> <span class='ocrx_word' id='word_1_165' title='bbox 261 2638 379 2704; x_wconf 75' lang='lat' dir='ltr'>ctum?</span> <span class='ocrx_word' id='word_1_166' title='bbox 397 2659 442 2704; x_wconf 88' lang='lat' dir='ltr'>an</span> <span class='ocrx_word' id='word_1_167' title='bbox 460 2651 499 2703; x_wconf 92' lang='lat' dir='ltr'>ut</span> <span class='ocrx_word' id='word_1_168' title='bbox 517 2635 671 2702; x_wconf 84' lang='lat' dir='ltr'>convivia</span> <span class='ocrx_word' id='word_1_169' title='bbox 691 2633 827 2727; x_wconf 88' lang='lat' dir='ltr'>populis</span> <span class='ocrx_word' id='word_1_170' title='bbox 845 2634 1070 2717; x_wconf 85' lang='lat' dir='ltr'>instruantur,</span> <span class='ocrx_word' id='word_1_171' title='bbox 1095 2647 1130 2699; x_wconf 90' lang='lat' dir='ltr'>et</span> <span class='ocrx_word' id='word_1_172' title='bbox 1149 2645 1237 2700; x_wconf 88' lang='lat' dir='ltr'>tecta</span> <span class='ocrx_word' id='word_1_173' title='bbox 1255 2655 1341 2700; x_wconf 82' lang='lat' dir='ltr'>auro</span> 
     </span>
     <span class='ocr_line' id='line_1_22' title="bbox 167 2747 1342 2845; baseline -0.003 -26"><span class='ocrx_word' id='word_1_174' title='bbox 167 2749 176 2759; x_wconf 74' lang='grc'><strong>”</strong></span> <span class='ocrx_word' id='word_1_175' title='bbox 262 2750 431 2845; x_wconf 78' lang='lat' dir='ltr'>fulgeant,</span> <span class='ocrx_word' id='word_1_176' title='bbox 447 2749 669 2844; x_wconf 82' lang='lat' dir='ltr'>parricidium</span> <span class='ocrx_word' id='word_1_177' title='bbox 686 2751 770 2816; x_wconf 85' lang='lat' dir='ltr'>tanti</span> <span class='ocrx_word' id='word_1_178' title='bbox 788 2749 876 2816; x_wconf 79' lang='lat' dir='ltr'>fuit?</span> <span class='ocrx_word' id='word_1_179' title='bbox 888 2751 1015 2843; x_wconf 85' lang='lat' dir='ltr'>Magna</span> <span class='ocrx_word' id='word_1_180' title='bbox 1027 2749 1203 2817; x_wconf 87' lang='lat' dir='ltr'>enimvero</span> <span class='ocrx_word' id='word_1_181' title='bbox 1218 2761 1253 2816; x_wconf 91' lang='lat' dir='ltr'>et</span> <span class='ocrx_word' id='word_1_182' title='bbox 1266 2747 1342 2815; x_wconf 85' lang='lat' dir='ltr'>lau-</span> 
     </span>
     <span class='ocr_line' id='line_1_23' title="bbox 250 2865 1343 2958; baseline -0.002 -23"><span class='ocrx_word' id='word_1_183' title='bbox 250 2866 375 2935; x_wconf 82' lang='lat' dir='ltr'>-dandn</span> <span class='ocrx_word' id='word_1_184' title='bbox 387 2882 484 2946; x_wconf 85' lang='lat' dir='ltr'>sunt,</span> <span class='ocrx_word' id='word_1_185' title='bbox 502 2881 644 2958; x_wconf 88' lang='lat' dir='ltr'>propter</span> <span class='ocrx_word' id='word_1_186' title='bbox 659 2888 734 2956; x_wconf 90' lang='lat' dir='ltr'>quae</span> <span class='ocrx_word' id='word_1_187' title='bbox 753 2889 902 2932; x_wconf 84' lang='lat' dir='ltr'>mensam</span> <span class='ocrx_word' id='word_1_188' title='bbox 916 2881 951 2934; x_wconf 89' lang='lat' dir='ltr'>ct</span> <span class='ocrx_word' id='word_1_189' title='bbox 963 2865 1135 2933; x_wconf 82' lang='lat' dir='ltr'>lacunaria</span> <span class='ocrx_word' id='word_1_190' title='bbox 1151 2889 1211 2933; x_wconf 85' lang='lat' dir='ltr'>sun</span> <span class='ocrx_word' id='word_1_191' title='bbox 1228 2865 1343 2958; x_wconf 86' lang='lat' dir='ltr'>potius</span> 
     </span>
     <span class='ocr_line' id='line_1_24' title="bbox 262 2979 1343 3075; baseline -0.001 -26"><span class='ocrx_word' id='word_1_192' title='bbox 262 3005 365 3075; x_wconf 87' lang='lat' dir='ltr'>quam</span> <span class='ocrx_word' id='word_1_193' title='bbox 382 2980 493 3049; x_wconf 90' lang='lat' dir='ltr'>lucem</span> <span class='ocrx_word' id='word_1_194' title='bbox 513 2980 710 3046; x_wconf 86' lang='lat' dir='ltr'>innocentes</span> <span class='ocrx_word' id='word_1_195' title='bbox 732 2980 859 3048; x_wconf 84' lang='lat' dir='ltr'>intueri</span> <span class='ocrx_word' id='word_1_196' title='bbox 876 2981 1071 3050; x_wconf 82' lang='lat' dir='ltr'>maluerint.</span> <span class='ocrx_word' id='word_1_197' title='bbox 1091 2982 1165 3065; x_wconf 79' lang='lat' dir='ltr'>An,</span> <span class='ocrx_word' id='word_1_198' title='bbox 1188 3004 1232 3048; x_wconf 88' lang='lat' dir='ltr'>ne</span> <span class='ocrx_word' id='word_1_199' title='bbox 1257 2979 1343 3073; x_wconf 91' lang='lat' dir='ltr'>quid</span> 
     </span>
     <span class='ocr_line' id='line_1_25' title="bbox 248 3095 1342 3190; baseline 0.002 -27"><span class='ocrx_word' id='word_1_200' title='bbox 248 3099 374 3166; x_wconf 82' lang='lat' dir='ltr'>¹ventri</span> <span class='ocrx_word' id='word_1_201' title='bbox 394 3111 539 3190; x_wconf 89' lang='lat' dir='ltr'>negetur</span> <span class='ocrx_word' id='word_1_202' title='bbox 557 3095 783 3187; x_wconf 88' lang='lat' dir='ltr'>libidinique,</span> <span class='ocrx_word' id='word_1_203' title='bbox 806 3097 900 3164; x_wconf 87' lang='lat' dir='ltr'>orbis</span> <span class='ocrx_word' id='word_1_204' title='bbox 918 3098 1093 3166; x_wconf 86' lang='lat' dir='ltr'>servitium</span> <span class='ocrx_word' id='word_1_205' title='bbox 1113 3096 1342 3190; x_wconf 82' lang='lat' dir='ltr'>expetendum</span> 
     </span>
     <span class='ocr_line' id='line_1_26' title="bbox 264 3213 1340 3308; baseline 0.002 -25"><span class='ocrx_word' id='word_1_206' title='bbox 264 3213 438 3308; x_wconf 81' lang='lat' dir='ltr'>esthuid</span> <span class='ocrx_word' id='word_1_207' title='bbox 455 3213 590 3281; x_wconf 88' lang='lat' dir='ltr'>tandem</span> <span class='ocrx_word' id='word_1_208' title='bbox 609 3214 660 3282; x_wconf 89' lang='lat' dir='ltr'>sic</span> <span class='ocrx_word' id='word_1_209' title='bbox 678 3213 846 3306; x_wconf 69' lang='lat' dir='ltr'>pestifere</span> <span class='ocrx_word' id='word_1_210' title='bbox 873 3215 945 3282; x_wconf 83' lang='lat' dir='ltr'>istae</span> <span class='ocrx_word' id='word_1_211' title='bbox 969 3214 1096 3284; x_wconf 81' lang='lat' dir='ltr'>divitiae</span> <span class='ocrx_word' id='word_1_212' title='bbox 1120 3229 1340 3306; x_wconf 86' lang='lat' dir='ltr'>expetuntur,</span> 
     </span>
     <span class='ocr_line' id='line_1_27' title="bbox 264 3329 1343 3424; baseline 0.004 -26"><span class='ocrx_word' id='word_1_213' title='bbox 264 3333 293 3399; x_wconf 89' lang='lat' dir='ltr'>si</span> <span class='ocrx_word' id='word_1_214' title='bbox 308 3354 351 3400; x_wconf 91' lang='lat' dir='ltr'>ne</span> <span class='ocrx_word' id='word_1_215' title='bbox 365 3331 402 3398; x_wconf 93' lang='lat' dir='ltr'>in</span> <span class='ocrx_word' id='word_1_216' title='bbox 415 3329 481 3398; x_wconf 87' lang='lat' dir='ltr'>boe</span> <span class='ocrx_word' id='word_1_217' title='bbox 494 3329 633 3424; x_wconf 87' lang='lat' dir='ltr'>quidem</span> <span class='ocrx_word' id='word_1_218' title='bbox 647 3347 684 3398; x_wconf 92' lang='lat' dir='ltr'>ut</span> <span class='ocrx_word' id='word_1_219' title='bbox 697 3331 815 3399; x_wconf 88' lang='lat' dir='ltr'>liberis</span> <span class='ocrx_word' id='word_1_220' title='bbox 831 3331 1094 3424; x_wconf 77' lang='lat' dir='ltr'>relinquantur?</span> <span class='ocrx_word' id='word_1_221' title='bbox 1106 3331 1190 3424; x_wconf 93' lang='lat' dir='ltr'>quid</span> <span class='ocrx_word' id='word_1_222' title='bbox 1204 3331 1343 3402; x_wconf 83' lang='lat' dir='ltr'>tandem</span> 
     </span>
     <span class='ocr_line' id='line_1_28' title="bbox 266 3445 1343 3544; baseline 0.004 -26"><span class='ocrx_word' id='word_1_223' title='bbox 266 3445 427 3542; x_wconf 87' lang='lat' dir='ltr'>estquod</span> <span class='ocrx_word' id='word_1_224' title='bbox 447 3449 484 3516; x_wconf 92' lang='lat' dir='ltr'>in</span> <span class='ocrx_word' id='word_1_225' title='bbox 506 3448 590 3516; x_wconf 87' lang='lat' dir='ltr'>vitio</span> <span class='ocrx_word' id='word_1_226' title='bbox 609 3449 853 3542; x_wconf 79' lang='lat' dir='ltr'>corruperint?</span> <span class='ocrx_word' id='word_1_227' title='bbox 870 3449 1022 3517; x_wconf 91' lang='lat' dir='ltr'>Primum</span> <span class='ocrx_word' id='word_1_228' title='bbox 1039 3450 1069 3516; x_wconf 87' lang='lat' dir='ltr'>si</span> <span class='ocrx_word' id='word_1_229' title='bbox 1091 3447 1172 3517; x_wconf 90' lang='lat' dir='ltr'>inde</span> <span class='ocrx_word' id='word_1_230' title='bbox 1190 3450 1343 3544; x_wconf 85' lang='lat' dir='ltr'>incipere</span> 
     </span>
     <span class='ocr_line' id='line_1_29' title="bbox 266 3561 1342 3658; baseline 0.002 -24"><span class='ocrx_word' id='word_1_231' title='bbox 266 3563 372 3650; x_wconf 82' lang='lat' dir='ltr'>velis,</span> <span class='ocrx_word' id='word_1_232' title='bbox 389 3561 478 3632; x_wconf 77' lang='lat' dir='ltr'>aede&#39;s</span> <span class='ocrx_word' id='word_1_233' title='bbox 497 3565 594 3658; x_wconf 81' lang='lat' dir='ltr'>ipsae,</span> <span class='ocrx_word' id='word_1_234' title='bbox 616 3589 699 3658; x_wconf 86' lang='lat' dir='ltr'>quas</span> <span class='ocrx_word' id='word_1_235' title='bbox 718 3567 902 3634; x_wconf 76' lang='lat' dir='ltr'>intentum</span> <span class='ocrx_word' id='word_1_236' title='bbox 925 3583 1137 3651; x_wconf 83' lang='lat' dir='ltr'>exstruxere,</span> <span class='ocrx_word' id='word_1_237' title='bbox 1164 3581 1202 3634; x_wconf 89' lang='lat' dir='ltr'>ut</span> <span class='ocrx_word' id='word_1_238' title='bbox 1223 3564 1342 3636; x_wconf 85' lang='lat' dir='ltr'>domus</span> 
     </span>
     <span class='ocr_line' id='line_1_30' title="bbox 267 3677 1340 3774; baseline 0.002 -26"><span class='ocrx_word' id='word_1_239' title='bbox 267 3677 312 3749; x_wconf 84' lang='lat' dir='ltr'>sd</span> <span class='ocrx_word' id='word_1_240' title='bbox 329 3702 427 3746; x_wconf 89' lang='lat' dir='ltr'>usum</span> <span class='ocrx_word' id='word_1_241' title='bbox 455 3693 490 3746; x_wconf 91' lang='lat' dir='ltr'>et</span> <span class='ocrx_word' id='word_1_242' title='bbox 513 3681 761 3748; x_wconf 89' lang='lat' dir='ltr'>munimentum</span> <span class='ocrx_word' id='word_1_243' title='bbox 784 3697 931 3774; x_wconf 71' lang='lat' dir='ltr'>parate,</span> <span class='ocrx_word' id='word_1_244' title='bbox 955 3681 1023 3748; x_wconf 86' lang='lat' dir='ltr'>sint</span> <span class='ocrx_word' id='word_1_245' title='bbox 1051 3703 1144 3748; x_wconf 88' lang='lat' dir='ltr'>nune</span> <span class='ocrx_word' id='word_1_246' title='bbox 1170 3680 1340 3772; x_wconf 88' lang='lat' dir='ltr'>periculo,</span> 
     </span>
    </p>
   </div>
   <div class='ocr_carea' id='block_1_3' title="bbox 269 3889 1342 4044">
    <p class='ocr_par' dir='ltr' id='par_1_7' title="bbox 269 3889 1342 4044">
     <span class='ocr_line' id='line_1_31' title="bbox 270 3889 1342 3964; baseline 0.003 -22"><span class='ocrx_word' id='word_1_247' title='bbox 270 3916 284 3942; x_wconf 75' lang='grc' dir='ltr'>κ</span> <span class='ocrx_word' id='word_1_248' title='bbox 293 3893 363 3964; x_wconf 83' lang='lat' dir='ltr'>Quid</span> <span class='ocrx_word' id='word_1_249' title='bbox 373 3891 419 3946; x_wconf 85' lang='lat' dir='ltr'>tibi</span> <span class='ocrx_word' id='word_1_250' title='bbox 430 3890 551 3944; x_wconf 80' lang='lat' dir='ltr'>viduetur</span> <span class='ocrx_word' id='word_1_251' title='bbox 564 3890 602 3943; x_wconf 89' lang='lat' dir='ltr'>illi</span> <span class='ocrx_word' id='word_1_252' title='bbox 612 3889 643 3946; x_wconf 77' lang='lat' dir='ltr'>eb</span> <span class='ocrx_word' id='word_1_253' title='bbox 652 3903 735 3944; x_wconf 77' lang='lat' dir='ltr'>aratro</span> <span class='ocrx_word' id='word_1_254' title='bbox 746 3890 781 3942; x_wconf 89' lang='lat' dir='ltr'>ci·</span> <span class='ocrx_word' id='word_1_255' title='bbox 869 3907 887 3943; x_wconf 81' lang='grc' dir='ltr'>ι’.</span> <span class='ocrx_word' id='word_1_256' title='bbox 900 3893 990 3963; x_wconf 83' lang='lat' dir='ltr'>Neque</span> <span class='ocrx_word' id='word_1_257' title='bbox 993 3892 1064 3962; x_wconf 65' lang='lat' dir='ltr'>serm</span> <span class='ocrx_word' id='word_1_258' title='bbox 1074 3894 1140 3946; x_wconf 77' lang='lat' dir='ltr'>inter</span> <span class='ocrx_word' id='word_1_259' title='bbox 1152 3909 1180 3944; x_wconf 82' lang='lat' dir='ltr'>se</span> <span class='ocrx_word' id='word_1_260' title='bbox 1193 3893 1263 3946; x_wconf 78' lang='lat' dir='ltr'>bello</span> <span class='ocrx_word' id='word_1_261' title='bbox 1275 3905 1342 3947; x_wconf 75' lang='lat' dir='ltr'>sunt.</span> 
     </span>
     <span class='ocr_line' id='line_1_32' title="bbox 269 3967 1341 4044; baseline 0.004 -22"><span class='ocrx_word' id='word_1_262' title='bbox 269 3970 330 4036; x_wconf 83' lang='lat' dir='ltr'>uti,</span> <span class='ocrx_word' id='word_1_263' title='bbox 352 3971 396 4042; x_wconf 90' lang='lat' dir='ltr'>qui</span> <span class='ocrx_word' id='word_1_264' title='bbox 410 3981 557 4044; x_wconf 80' lang='lat' dir='ltr'>paupertate</span> <span class='ocrx_word' id='word_1_265' title='bbox 576 3969 732 4024; x_wconf 74' lang='lat' dir='ltr'>suabeetsrn</span> <span class='ocrx_word' id='word_1_266' title='bbox 746 3971 781 4022; x_wconf 81' lang='lat' dir='ltr'>ie·</span> <span class='ocrx_word' id='word_1_267' title='bbox 831 3971 915 4041; x_wconf 79' lang='lat' dir='ltr'>Lege,</span> <span class='ocrx_word' id='word_1_268' title='bbox 945 3970 966 4021; x_wconf 81' lang='lat' dir='ltr'>si</span> <span class='ocrx_word' id='word_1_269' title='bbox 992 3982 1081 4035; x_wconf 72' lang='lat' dir='ltr'>voest,</span> <span class='ocrx_word' id='word_1_270' title='bbox 1113 3967 1192 4022; x_wconf 80' lang='lat' dir='ltr'>Plinii</span> <span class='ocrx_word' id='word_1_271' title='bbox 1215 3970 1341 4026; x_wconf 76' lang='lat' dir='ltr'>eruditum</span> 
     </span>
    </p>
   </div>
   <div class='ocr_carea' id='block_1_4' title="bbox 270 4045 1222 4122">
    <p class='ocr_par' dir='ltr' id='par_1_8' title="bbox 270 4045 1222 4122">
     <span class='ocr_line' id='line_1_33' title="bbox 270 4045 1222 4122; baseline -0.001 -22"><span class='ocrx_word' id='word_1_272' title='bbox 270 4067 326 4101; x_wconf 75' lang='lat' dir='ltr'>cere</span> <span class='ocrx_word' id='word_1_273' title='bbox 338 4048 462 4122; x_wconf 82' lang='lat' dir='ltr'>rempubl.</span> <span class='ocrx_word' id='word_1_274' title='bbox 475 4071 489 4098; x_wconf 73' lang='lat' dir='ltr'>n</span> <span class='ocrx_word' id='word_1_275' title='bbox 502 4047 598 4103; x_wconf 70' lang='lat' dir='ltr'>Sciron.</span> <span class='ocrx_word' id='word_1_276' title='bbox 831 4047 987 4102; x_wconf 80' lang='lat' dir='ltr'>Prooemiurn</span> <span class='ocrx_word' id='word_1_277' title='bbox 997 4047 1043 4102; x_wconf 85' lang='lat' dir='ltr'>lib.</span> <span class='ocrx_word' id='word_1_278' title='bbox 1056 4047 1113 4104; x_wconf 81' lang='lat' dir='ltr'>vlt.</span> <span class='ocrx_word' id='word_1_279' title='bbox 1125 4045 1222 4101; x_wconf 70' lang='lat' dir='ltr'>Scitote.</span> 
     </span>
    </p>
   </div>
   <div class='ocr_carea' id='block_1_5' title="bbox 0 0 1463 4816">
    <p class='ocr_par' dir='ltr' id='par_1_9' title="bbox 0 0 1463 4816">
     <span class='ocr_line' id='line_1_34' title="bbox 0 0 1463 4816; baseline 0 0"><span class='ocrx_word' id='word_1_280' title='bbox 0 0 1463 4816; x_wconf 95' lang='lat' dir='ltr'> </span> 
     </span>
    </p>
   </div>
  </div>
 </body>
</html>
