2874 4768
242 436 481 508 EXCERPTA
504 436 668 505 CONTR.
693 437 775 502 LIB.
803 437 881 518 vlt,
907 435 940 501 6.
1000 467 1002 472 ’
1064 437 1128 526 575

89 568 272 637 EXTRA.
290 570 463 649 Vnumne,
481 566 535 632 vir
549 565 747 632 exactissimi
766 564 913 657 ingenii,
935 585 999 630 nee
1015 561 1130 630 dicere
1173 577 1190 618 ⁰

43 687 219 779 ineptias,
243 707 313 750 nee
329 682 418 750 ferre
436 685 602 773 poterst¹.

47 872 127 928 puero
139 849 300 906 reverentis.
317 850 346 903 Si
356 848 418 919 quid
430 848 515 920 Turpe
527 867 576 920 pa-
625 847 1132 919 teratMerobronnVossianaeffingat
1186 906 1192 918 ¹

49 951 105 990 ru,
125 930 203 1004 pueri
224 949 263 980 no
285 940 313 980 to
330 925 508 1000 contempseris
523 945 577 978 sn·
625 927 652 977 in
668 927 773 998 integris
789 927 1131 992 counradicmrerineptos

46 1027 125 1061 nos.»
626 1005 863 1072 necserrepoterat.
874 1001 1131 1074 Parumquidemin-

82 1081 578 1153 1.Necdicereineptias‚necsempo-
626 1095 707 1134 terent.
724 1079 835 1134 Gronov.

48 1242 1128 1278 Μ

240 1417 242 1422 ψ
309 1332 756 1456 'nnuntrrsrro
787 1367 870 1454 vr.

162 1575 348 1625 DEMENS
378 1575 454 1638 Qut
487 1574 627 1623 SERVO
658 1573 816 1621 sttrsrt
847 1573 1024 1623 Jurtxtr.

58 1717 210 1800 Tyrurtross
216 1719 441 1800 permisissent
450 1716 580 1778 domums
595 1737 661 1776 suas
677 1737 785 1796 rupere.
804 1713 1136 1798 meugeruntpn'ocipm

100 1821 227 1879 cior'totr's
239 1865 247 1888 ‚
265 1828 296 1878 et
306 1819 392 1878 sinui
398 1814 547 1900 quifilium
566 1815 691 1876 habebat
701 1813 835 1897 etfilium
845 1837 949 1898 5qrmm
959 1839 1055 1878 omnes
1066 1820 1140 1878 servi

97 1917 233 1977 dominas
244 1918 406 1985 orimus,
421 1935 512 1975 servus
525 1913 585 1994 ejus
605 1915 735 1993 virginem
751 1915 877 1974 servanti.
901 1913 1000 1975 Occiso
1018 1925 1136 1995 manno

97 2018 203 2078 reuersi
213 2024 286 2078 sunt
303 2016 461 2094 principes,
481 2015 511 2072 in
526 2035 634 2073 enicem
652 2036 743 2075 servos
760 2017 940 2075 sustulemiit.
959 2014 1015 2074 Ille
1034 2035 1136 2073 manu·

100 2115 298 2200 ndssofiliam
305 2114 417 2195 immi.
433 2113 510 2173 Reus
526 2124 569 2174 est
587 2136 606 2172 α
615 2110 684 2194 filio
696 2113 852 2174 dementia.

418 2271 473 2338 (Ex
484 2271 601 2321 Gontror.
613 2270 645 2332 6,
659 2271 704 2320 lib.
721 2271 790 2337 vlt.)

110 2418 427 2488 DECLAMATIO.
451 2416 661 2485 Haberemus
681 2417 856 2498 solatium,
878 2418 905 2483 si
922 2416 982 2484 has
1001 2419 1137 2510 nuptiae
1194 2491 1198 2505 ¹

68 2546 233 2622 tyrannus
260 2533 411 2612 iecisset,
439 2556 508 2600 non
530 2548 639 2623 pater.
666 2533 791 2601 Sanum
816 2533 942 2622 putatis
960 2554 1053 2614 esse,
1077 2535 1135 2624 qui

70 2647 194 2716 imitari
209 2666 393 2741 tyrannum
411 2648 546 2731 maluit,
562 2671 662 2740 quam
676 2671 809 2715 serrum
821 2649 836 2714 t
848 2647 992 2715 similem
1005 2671 1040 2715 se
1058 2649 1138 2718 fecit

71 2776 234 2856 tyranno,
253 2763 357 2832 filiam
372 2767 495 2858 raptis,
511 2763 670 2833 libertum
683 2763 871 2833 cruciariis.
885 2763 965 2832 Pius
983 2763 1139 2856 permisit

75 2901 167 2948 serre
182 2880 376 2960 dominus,
404 2905 503 2972 quam
530 2896 706 2973 tyrannus.
732 2881 897 2976 Quisquis
917 2881 978 2947 has
1003 2882 1138 2972 nuptiae

73 2991 170 3088 iecit,
200 3010 262 3062 aut
288 2995 443 3078 insanus,
469 3005 720 3086 aut'tyrannus.
741 2992 914 3088 Egregius
937 3017 1056 3085 gener,
1080 2996 1137 3061 eui

74 3104 158 3174 nihii
179 3126 233 3176 est
249 3107 447 3199 gloriosius,
468 3133 570 3200 quarn
584 3107 1132 3200 quodintererueiariosnonest.
1197 3099 1198 3104 ἵ
1287 3165 1290 3172 .

76 3220 312 3316 Virginitatem
337 3224 400 3293 sub
425 3240 522 3319 patre
547 3223 716 3317 perdidit,
743 3247 842 3315 quam
866 3238 1057 3291 servaverat
1072 3224 1136 3292 sub

76 3331 357 3424 tyrannosltane
385 3339 510 3432 dignus
538 3357 590 3409 est
613 3341 766 3432 nuptiis,
795 3341 873 3433 quia
900 3340 1062 3434 indignus
1085 3357 1137 3409 est

78 3457 200 3523 cruce?
216 3456 339 3525 Melior
352 3455 499 3525 conditio
512 3457 703 3525 vitiatarum
718 3480 817 3548 quam
831 3457 974 3548 virginis
987 3472 1051 3525 est.
1066 3456 1137 3524 Illis

79 3584 205 3640 mutare
228 3573 364 3665 nuptias
390 3573 545 3665 contigit.
570 3573 742 3666 Propitius
767 3588 863 3664 pater
890 3575 937 3640 ita
961 3572 1138 3641 collocarit

81 3679 180 3753 filiam
194 3712 301 3774 susm,
313 3704 351 3755 ut
360 3691 463 3757 iratus
477 3704 640 3781 tyrannus
655 3688 782 3756 alienas
798 3713 921 3780 :quum
937 3712 1037 3757 sanus
1050 3705 1138 3758 esset

81 3813 185 3887 pater,
203 3829 246 3872 ne
257 3805 318 3873 has
332 3803 462 3874 rideret
474 3805 621 3897 nuptias,
636 3805 736 3898 fugit.
751 3805 943 3874 Miserrima
955 3827 1062 3888 soror,
1075 3804 1139 3873 sub

83 3927 222 4003 tyranno
236 3937 366 4015 patrem
379 3921 606 4002 desiderabas,
623 3921 687 3989 sub
700 3936 796 4014 patre
814 3935 993 4013 tyrannum
1009 3920 1141 3989 deside-

84 4051 147 4100 ras.
169 4039 244 4106 Non
262 4054 313 4107 est
327 4039 377 4107 illi
391 4041 584 4134 praemium,
608 4063 713 4108 unum
730 4049 880 4135 spectare
899 4039 1050 4106 omnium
1062 4061 1141 4106 eru·

86 4167 139 4218 ces
149 4153 163 4221 ἓ
174 4153 352 4225 Dominam
369 4180 438 4226 non
452 4159 629 4250 stuprarit.
646 4153 743 4248 Auge
755 4153 942 4244 benefieia3
958 4177 1021 4224 nec
1035 4153 1141 4222 domi-
