2874 4796
302 446 367 514 5ts
627 447 674 510 Μ.
701 441 846 512 ANNAEI
869 441 1048 512 SENECAE

301 575 391 644 Dum
410 572 507 656 lieet,
529 571 698 668 fugiamus
720 599 729 640 ι
754 571 815 640 sed
832 585 991 663 tunquam
1010 595 1030 640 u
1048 570 1222 667 Philippo.
1241 571 1373 644 Pariter

303 689 395 786 apud
409 689 606 784 Philippum
619 705 711 758 certe
729 690 797 757 riri
815 688 954 761 fuimus.
966 691 1137 783 lnerymae
1153 713 1234 760 mese
1245 715 1374 763 vocan-

303 809 410 877 turin
425 807 575 888 crimen,
597 807 712 897 quusi,
733 827 774 872 ex
792 828 859 897 qun
875 803 1047 896 Olynthus
1067 821 1165 898 captu
1189 824 1239 874 est
1259 858 1269 892 ,
1290 808 1374 876 flere

303 921 476 992 desierim.
496 925 626 990 Tantus
641 921 771 992 seilicet
786 945 878 1007 sum,
897 923 983 990 utin
998 946 1039 990 en
1054 922 1192 993 civitate
1213 923 1373 1017 populum

303 1040 472 1108 concitare
486 1038 673 1130 potuerim,
686 1039 724 1106 in
737 1063 804 1130 qun
820 1038 929 1106 lilium
943 1061 1079 1107 servare
1088 1063 1158 1107 non
1171 1041 1280 1132 potui.
1297 1043 1372 1108 Non

303 1156 461 1249 quotiens
475 1170 710 1223 convenerunt
725 1155 763 1222 in
777 1154 926 1246 aliquem
942 1154 1052 1223 locum
1067 1155 1185 1250 plures
1194 1206 1207 1243 ‚
1222 1173 1330 1224 emtus
1342 1173 1375 1225 et

305 1295 491 1343 concursus
508 1285 583 1354 esti
604 1267 664 1340 sud
679 1272 838 1362 quotiens
855 1273 1050 1352 convocati,
1068 1274 1230 1365 quotiens
1245 1276 1372 1367 parati,
1428 1340 1430 1367 2

236 1467 240 1480 .
306 1390 404 1484 quusi
420 1386 465 1456 ud
483 1386 606 1456 ducem
623 1403 720 1458 suum
739 1395 1000 1455 concurrerunt.
1019 1389 1096 1456 Non
1115 1390 1143 1456 si
1163 1411 1233 1457 uun
1250 1392 1374 1458 ricinia

306 1508 397 1589 enit,
412 1517 471 1572 nut
483 1504 512 1570 si
525 1503 768 1570 transeuntium
780 1497 964 1594 paucorum
976 1524 1136 1572 numerus
1148 1505 1280 1574 effluxit
1296 1505 1374 1575 :sed

305 1619 365 1690 ubi
382 1635 489 1699 totus,
509 1631 567 1687 aut
583 1641 624 1687 ex
639 1633 733 1711 perte
748 1638 870 1712 magne
890 1620 1057 1713 populus,
1076 1617 1137 1688 ubi
1155 1619 1264 1690 diviua
1280 1622 1374 1690 estin

307 1756 421 1834 partes
439 1721 571 1804 civitas.
592 1735 704 1804 Coetue
714 1784 725 1820 ‚
745 1733 994 1804 multitudinis¹
1013 1761 1142 1830 magnae
1161 1761 1287 1806 numen
1303 1756 1372 1818 est,

307 1852 460 1920 coeuntis
479 1853 520 1916 'ex
540 1871 707 1916 consensu
725 1847 883 1940 quodam.
910 1849 956 1918 At
974 1849 1046 1918 illie
1064 1851 1161 1918 initio
1184 1849 1287 1944 pauci
1306 1851 1375 1918 lue-

308 1984 401 2038 runt.
421 1964 555 2035 Deinde
574 1964 697 2057 reliqui
722 1989 793 2033 non
817 1965 862 2048 nd
887 1989 940 2034 me
964 1984 1219 2050 convenerunt,
1248 1967 1309 2036 sed
1337 1968 1375 2035 sd

309 2083 505 2156 incendium
523 2107 532 2148 ε
548 2081 641 2174 quod
659 2098 770 2149 temen
790 2082 936 2175 populus
951 2061 1069 2152 maluit
1087 2101 1260 2179 spectare,
1282 2109 1375 2178 quum

311 2202 541 2292 exstinguere.
554 2201 625 2266 Lex
641 2219 710 2266 nou
723 2218 799 2265 eum
813 2199 925 2292 punit,
941 2215 1081 2294 propter
1095 2211 1197 2293 quem
1210 2217 1317 2271 eoetus
1329 2201 1377 2268 ls-

310 2333 383 2388 ctue
396 2332 446 2386 est
462 2345 475 2412 3¹
492 2312 553 2384 sed
572 2338 649 2383 eum
667 2337 769 2406 aquo
783 2331 887 2384 eoetue
903 2315 1009 2385 hctus
1022 2333 1085 2385 est.
1103 2319 1182 2386 Non
1199 2318 1287 2386 mihi
1302 2318 1376 2386 tenti

310 2436 394 2507 ultio
408 2434 490 2519 fuit,
507 2446 545 2501 ut
557 2432 712 2500 amittere
727 2431 848 2500 vellem
865 2432 973 2501 filium
992 2459 1001 2499 :
1021 2448 1056 2502 et
1071 2437 1200 2504 tentuvi
1217 2436 1377 2531 populum

314 2571 456 2650 rogere,
476 2573 542 2618 nee
558 2550 669 2642 potui.

360 2717 472 2789 PARS
485 2714 677 2786 ALTERA.
698 2714 795 2806 Quid
806 2731 891 2784 coetu
905 2739 990 2809 opus
1004 2732 1055 2785 est
1067 2719 1082 2784 P
1094 2717 1182 2787 Sunt
1198 2720 1331 2813 scripte
1340 2718 1379 2786 nd

313 2834 496 2907 vindictum
516 2829 716 2922 injuriarum
738 2833 887 2900 omnium
909 2831 1015 2925 leges.
1037 2836 1129 2902 Motu
1147 2835 1254 2903 semel
1270 2835 1378 2904 multi-

315 2949 397 3020 tudo
424 2943 559 3014 modum
590 2966 658 3011 non
687 2961 810 3011 servm.
836 2945 968 3014 Ardere
996 2946 1054 3015 illo
1085 2948 1248 3018 incendio
1271 2951 1380 3018 civius

315 3063 439 3160 posuit.

317 3235 403 3288 erent,
425 3219 553 3274 adversus·
563 3213 708 3291 Philippum
720 3252 727 3280 ‚
744 3230 827 3290 tyran·
876 3217 962 3289 quules
972 3217 1051 3272 edidit
1061 3219 1143 3274 omnis
1152 3221 1309 3293 antiquitatis
1316 3219 1380 3290 priu-

317 3293 403 3358 uidem
413 3317 534 3372 occupare
542 3307 685 3358 conantem,
696 3295 829 3350 Diodorus
875 3316 934 3368 ceps
943 3299 1003 3350 Ant.
1011 3297 1174 3370 Augustinus.
1184 3299 1225 3352 cf.
1232 3301 1310 3354 Tacit.
1317 3299 1378 3352 llist

320 3379 436 3440 Siculus,
451 3373 649 3442 Demosthenes,
666 3373 696 3426 et'
706 3373 829 3428 lustinus.
877 3375 907 3446 I,
919 3376 959 3442 54.
974 3373 1071 3431 Schou.

319 3457 381 3510 Vid.
392 3469 416 3508 et
427 3453 548 3508 controv.
565 3451 605 3520 34.
615 3451 760 3526 Hospitsles
770 3473 829 3507 vero
914 3445 1037 3508 1.'Coetus
1052 3491 1060 3520 ,
1074 3457 1262 3508 multitudinis.
1276 3451 1378 3528 llespuh·

320 3537 443 3600 dexterae,
463 3531 524 3586 fidei
550 3531 713 3606 signumtut
733 3543 757 3585 et
775 3543 831 3586 tes-
880 3531 1234 3608 respopulitpnpulnsrutem
1246 3529 1380 3586 nnunmis

319 3639 390 3682 sem,
404 3617 485 3669 mistui
496 3613 609 3688 hospitii.
621 3612 676 3666 lllae
685 3632 786 3683 quoque
802 3613 831 3665 in
880 3621 959 3665 coetus
972 3609 1157 3678 multitudinis,
1175 3614 1219 3666 sed
1236 3625 1311 3668 eoetus
1322 3607 1379 3682 juris

317 3696 557 3769 summosignnrum
564 3689 831 3763 militariumirnplexte
879 3707 1016 3756 consensu,
1032 3701 1056 3741 et
1074 3689 1189 3744 utilitatis
1209 3687 1379 3743 communione

320 3778 496 3855 gestabantur,
514 3785 542 3826 ut
556 3786 579 3825 et
593 3771 622 3824 iu
638 3769 750 3822 nummis
762 3768 832 3822 nnti—
879 3765 995 3820 sociatus.
1009 3765 1097 3821 Cicero
1106 3767 1137 3822 de
1149 3765 1255 3840 Republ.
1267 3765 1305 3820 lll
1316 3761 1378 3834 spud

321 3857 377 3931 quis
393 3857 462 3910 idem
480 3854 583 3925 signum
600 3871 658 3906 curn
676 3849 723 3902 har
735 3847 831 3902 inscri-
881 3847 914 3900 l).
927 3845 1112 3920 Augustinum‚
1125 3845 1170 3899 lib.
1182 3845 1220 3914 ll,
1231 3867 1252 3899 r.
1265 3863 1302 3912 rr,
1313 3839 1379 3894 Cisi-

322 3939 407 4013 ptione
422 3956 428 3989 :
445 3945 606 3990 corennum
627 3943 831 3992 nuncnune,
881 3923 937 3976 tatis
949 3923 1008 3978 Dei.
1019 3923 1117 3977 Sciron.

773 4136 956 4164 -οοὰι-
