2894 4784
375 366 689 438 SUASORIARUM·
705 372 859 456 LIBER,
888 398 918 437 a.
941 421 952 439 s
1104 377 1171 468 649

116 497 268 565 Postea
287 497 425 565 memini
438 496 629 566 auditorem
643 501 803 570 Latronis
817 500 980 570 Arrormt
996 503 1170 588 Snonrrr,

59 627 219 706 putrem
242 613 350 706 hujus
367 612 514 697 Silonis,
531 616 591 705 qui
607 617 823 708 pantomimis
842 614 973 684 fabulas
990 620 1170 712 'scripsit,

61 747 100 799 et
116 733 321 826 ingenium
345 729 474 825 grande
496 754 565 798 non
585 749 715 803 tantum
736 733 905 818 deseruit,
925 733 986 804 sed
1003 735 1170 828 'polluit,

61 846 237 915 recitare
255 870 391 916 carmen
402 849 438 914 in
455 869 523 938 quo
534 849 736 941 agnovimus
749 872 883 918 sensum
898 853 1054 920 Latronis
1066 853 1104 920 in
1117 852 1173 922 hit

63 961 253 1030 versibus
271 988 279 1028 z

256 1104 294 1158 lte
305 1104 386 1178 spite,
399 1124 417 1156 o
426 1103 529 1170 Danti,
542 1122 666 1177 magnum
677 1105 771 1158 Poeaut
782 1117 900 1158 canentes
911 1125 918 1159 t

256 1191 293 1243 Ite
303 1188 503 1262 triumphantes,
516 1188 578 1242 belli
589 1209 661 1242 mora
672 1189 784 1243 concidit
795 1190 896 1244 Hector.

65 1312 161 1376 Tam
182 1309 376 1402 diligentes
396 1325 467 1378 tum
492 1307 663 1378 auditores
683 1325 797 1391 erant,
826 1335 871 1378 ne
888 1311 999 1380 dicam
1014 1328 1082 1381 tam
1096 1339 1170 1383 ma·

64 1425 188 1518 ligni,
211 1442 257 1494 ut
273 1426 375 1495 unius
387 1426 493 1494 verbu
512 1426 641 1519 surripi
655 1449 722 1494 non
736 1441 875 1519 possent
887 1419 914 1494 ⁵.
929 1425 975 1494 At
988 1451 1081 1497 nunc
1092 1432 1168 1497 cui-

64 1536 160 1610 libet
173 1545 356 1612 orationes
369 1542 541 1610 invertere
555 1557 627 1610 tuto
640 1541 720 1609 licet
734 1565 798 1635 pro
811 1544 894 1611 suis.
909 1541 978 1612 Sed
989 1559 1027 1612 ut
1038 1545 1164 1629 sciatis,

69 1665 220 1728 sensum
248 1658 509 1746 benedictum,
535 1659 603 1727 dici
629 1675 741 1727 tamen
764 1683 862 1752 posse
884 1660 1025 1744 melius,
1049 1677 1164 1734 notate

66 1794 143 1863 prm
160 1773 305 1841 caeteris
318 1787 445 1864 quanto
460 1772 637 1842 decentius
650 1772 816 1864 Virgilius
828 1772 952 1842 dixerit
965 1773 1052 1858 hoc,
1069 1775 1160 1869 quod

69 1883 177 1954 valde
195 1901 275 1954 erat
288 1885 424 1956 celebre
440 1911 448 1953 s

401 2061 476 2080 ......
488 2026 555 2081 Belli
566 2045 637 2081 mora
649 2027 761 2082 concidit
772 2029 874 2084 Hector.

70 2115 188 2190 Item⁴
211 2150 220 2190 ι

249 2235 383 2307 Quidquid
394 2234 460 2308 apud
473 2235 543 2290 durte
554 2247 675 2290 cctsttnm
687 2247 725 2289 est
734 2237 830 2292 moenit
840 2237 938 2312 Trojts,

246 2321 363 2374 Hectoris
374 2320 516 2390 AEneeque
527 2339 606 2373 manu
616 2320 721 2374 victoria
733 2320 840 2375 Graium

249 2404 338 2460 Hesit.

71 2545 594 2619 dieesSehottibeneficioexhibeantcte-
642 2557 738 2598 mentes
757 2566 810 2600 non
830 2548 971 2620 legentium
989 2563 1087 2605 tantum
1106 2575 1150 2608 an·

73 2627 99 2696 pi
109 2629 230 2692 credere,
246 2626 289 2681 hic
301 2626 398 2699 aliquid
417 2627 510 2690 latere,
525 2623 595 2694 quod
643 2623 800 2678 dientiumve
816 2641 1023 2700 corrumpuntur,
1037 2630 1086 2683 sed*
1100 2652 1153 2686 tn·

73 2716 138 2758 cttct
155 2707 311 2760 eruendum.
331 2705 435 2778 Eritqus
448 2703 530 2768 illud,
545 2700 594 2754 nisi
641 2703 739 2759 crorum
751 2702 950 2758 etiam.Scltnit.

72 2782 248 2857 l'tllor‚qnod
261 2785 391 2858 scripserat
409 2781 458 2836 lroc
471 2782 529 2835 loco
545 2800 592 2832 an·
675 2779 699 2832 3.
725 2780 763 2834 Ut
778 2787 857 2837 unius
876 2785 956 2838 uerbo
979 2789 1077 2854 surripi
1100 2807 1151 2840 nort

74 2871 135 2916 ctor.
146 2862 204 2918 Hic
212 2865 336 2934 beneficia
346 2866 401 2916 loci.
415 2862 493 2926 Tum,
501 2872 547 2914 etc.
556 2860 592 2914 Ut
638 2870 752 2926 possent.
765 2859 803 2912 Ex
816 2862 975 2936 oppositione
992 2863 1089 2938 colligo
1109 2864 1151 2918 hic

73 2937 221 3011 significet,
231 2944 366 2994 Latronem
378 2952 510 3014 postquam
520 2938 591 2992 dire·
640 2937 829 2992 rescribendum
843 2958 850 2992 :
863 2953 893 2995 ut
906 2945 953 2994 uni
967 2947 1057 2996 versui
1070 2945 1150 2996 verbo

75 3027 113 3068 rat
120 3034 270 3088 potse‘certe
280 3040 334 3073 non
340 3019 419 3073 victos
428 3017 533 3084 reverti,
546 3019 590 3070 de·
638 3019 736 3086 surripi
743 3039 795 3071 rron
801 3033 915 3088 possent.
923 3023 991 3092 Quia
1003 3023 1086 3076 versui
1096 3043 1151 3076 sur·

75 3092 135 3148 inde
148 3110 296 3153 exsecutum
308 3117 361 3151 estc
373 3117 430 3168 qne
439 3097 589 3169 abipsoloci
637 3094 747 3166 ripucrat
758 3097 833 3150 Latro
845 3098 908 3151 illud
922 3099 997 3152 Belli
1006 3121 1098 3162 moro,
1111 3101 1150 3154 in-

76 3171 124 3226 titn
132 3176 272 3230 commoda
282 3175 435 3228 etbcneircia
445 3185 589 3246 exspectan·
637 3169 669 3222 dc
681 3170 736 3223 Silo
748 3173 884 3227 Latronem
895 3175 985 3229 ludens
997 3190 1022 3230 ct
1032 3177 1084 3249 ipse
1094 3198 1149 3230 sur-

77 3247 107 3302 da
124 3267 217 3307 essent.
236 3254 315 3322 Quod
333 3273 364 3306 co
379 3253 460 3326 tetigit
473 3251 587 3326 eremplo
635 3251 712 3323 replis
725 3252 840 3324 Virgilio
860 3255 944 3309 verbis
963 3275 1066 3309 carmen
1083 3256 1148 3311 illud

76 3325 200 3399 Seneca,
229 3351 280 3402 qno
306 3332 390 3405 posuit
413 3350 421 3385 ι
441 3332 588 3400 Βιεενίμείο
636 3330 784 3399 composuit.
793 3332 1039 3404 Quorcruexpoeta
1050 3333 1147 3406 petierit

81 3403 324 3480 litermopyiirrum.
338 3407 442 3463 Schult.
473 3435 476 3442 ν
635 3404 682 3460 ista
695 3408 770 3460 Lrtro
783 3408 900 3482 ignorare
910 3432 951 3465 me
964 3413 1053 3466 fateor.
1069 3413 1146 3466 Con-

111 3503 132 3537 1·
144 3487 265 3554 Silonis,
281 3493 329 3559 qui
342 3490 521 3542 Pantomimis
528 3489 585 3561 sa·
636 3483 714 3556 jicio,
727 3487 796 3555 quod
808 3501 831 3539 et
841 3487 948 3543 innuere
960 3490 1056 3544 Seneca
1069 3491 1146 3543 vide-

78 3561 154 3618 duias
172 3573 285 3636 scripsit.
303 3569 400 3622 Multos
422 3568 465 3621 hic
485 3568 585 3621 Sitones
635 3571 684 3626 tur,
699 3578 728 3612 et
740 3562 910 3633 circumlatis,
930 3579 959 3621 nt
977 3567 1038 3620 tlibi
1054 3578 1144 3630 rorat,

79 3645 479 3714 agnoscmAItnrtumSttomm,
492 3647 586 3699 Caium
635 3639 794 3713 vulgatisque
815 3645 944 3698 sententiis
963 3645 1054 3712 luisse,
1073 3643 1147 3697 Belli

78 3728 103 3769 et
113 3719 229 3776 Gavium
241 3724 370 3791 Sidonem,
391 3735 416 3776 et
429 3711 586 3788 Pompeium
634 3736 710 3769 mora
731 3721 839 3772 concidit
858 3719 964 3774 Hector.
985 3724 1069 3789 Atque
1084 3718 1146 3772 inde
1246 3783 1252 3791 Ι

80 3796 201 3856 Sidonem.
219 3805 270 3858 Sed
289 3805 347 3876 quis
366 3805 407 3858 hie
429 3803 585 3869 nominetur,
634 3789 1146 3870 quumsrroarcdmmodsssethtropro-

79 3893 129 3928 non
142 3879 223 3935 hebro
235 3882 326 3936 dicere.
336 3882 432 3937 Sciron.
638 3873 718 3945 posito
735 3873 811 3929 Betis·
831 3897 927 3939 mora,
947 3877 1060 3930 derisum
1085 3895 1144 3926 curn

112 3975 135 4006 n.
143 3957 306 4028 Sedpoiinit.
318 3960 441 4014 Polluisse
452 3959 589 4032 ingenium
637 3962 662 4004 ct
679 3964 789 4006 taxatum
808 3973 822 4006 a
845 3953 934 4006 Silone
953 3953 1007 4006 istit
1027 3950 1146 4005 versibus.

81 4031 188 4106 ttoelplo,
202 4038 263 4090 :lum
276 4037 393 4096 obflcoena
406 4051 430 4091 et
440 4039 522 4110 turpi·
533 4059 586 4092 mg.
668 4028 1099 4092 dJlemtscltollffllllelila.10⁰?OE
1106 4048 1147 4082 ΙΙΙ·

81 4105 179 4180 ditatur,
201 4137 229 4169 η
247 4115 353 4170 scribit:
373 4118 441 4171 unda
463 4137 545 4172 mom
562 4131 585 4170 ιι
636 4105 1147 4182 tcmVirg.estAEn.Xl,288,ultilleyn.
