2878 4816
266 491 705 576 couraovuttsmtuu
726 493 809 560 LIB.
835 495 888 575 ll,
921 516 970 559 rn.
1081 493 1146 560 213

84 623 157 688 Erat
178 618 334 713 Agrippa
359 620 527 687 intereos
556 620 615 710 qui
641 643 710 687 non
736 620 807 687 nati
832 635 909 687 sunt
925 614 1073 702 nobiles,
1089 619 1150 687 sed

85 736 165 803 lacti.
174 736 292 826 Quum
307 733 438 803 diceret
449 751 576 828 partem
587 734 809 804 adolescentis
819 739 934 819 Latro,
946 751 980 804 et
991 751 1150 804 tractaret

79 852 268 946 adoptionis
295 852 426 936 locum,
448 851 533 919 dixit
553 853 666 922 :Nam
694 853 751 920 isti
773 852 956 947 adoptione
977 853 1148 921 nobilitati

79 968 234 1053 filerunt,
257 967 333 1034 haec
356 983 391 1034 ot
410 967 475 1034 alia
495 967 532 1035 in
550 963 639 1035 banc
657 992 833 1036 summam.
851 971 1017 1038 Macenm
1034 969 1148 1037 innuit

79 1085 181 1176 patri,
202 1082 332 1151 fascina
353 1107 532 1169 recusare,
550 1084 651 1151 linire
669 1083 742 1177 jam
764 1081 901 1177 quidam
928 1084 1147 1153 declamatio-

1 1231 2 1282 ;
78 1220 150 1264 nem
176 1196 366 1290 putabant,
391 1196 481 1265 hanc
506 1196 688 1289 malignam
713 1222 785 1266 rem
817 1197 1016 1290 [Maecenas]
1046 1220 1144 1267 esse:

1 1285 2 1377 l
77 1313 225 1381 effecisse
246 1314 337 1380 enim
359 1311 530 1394 nobilem,
552 1336 642 1394 non,
659 1329 696 1381 nt
709 1314 842 1382 audiret
856 1337 932 1406 qum
945 1313 1036 1382 dicta
1052 1327 1149 1382 erant

1 1477 3 1502 .
77 1429 240 1496 acesare
249 1476 260 1510 ,
279 1426 341 1494 sed
357 1442 396 1494 ut
411 1443 556 1496 notaret.
573 1430 683 1495 Tanta
697 1443 808 1494 autem
824 1426 888 1495 sub
901 1426 981 1494 diro
995 1427 1147 1520 Augusto

1 1545 2 1592 1
79 1543 215 1612 libertas
230 1542 315 1624 tuit,
333 1559 371 1610 ut
389 1545 589 1637 praepotenti
604 1559 685 1612 tunc
702 1547 752 1613 M.
769 1543 930 1638 Agrippas
944 1544 1150 1618 nondelue-

1 1657 2 1750 ]
78 1660 163 1742 rint,
184 1661 246 1752 qui
264 1658 507 1750 ignobilitatem
525 1661 779 1752 exprobrarent.
798 1661 978 1754 Vipsanius
996 1659 1149 1754 Agrippa

80 1772 185 1840 luerat
203 1802 213 1858 3
229 1772 384 1866 Vipsanli
405 1797 530 1842 nomen
551 1775 646 1866 quasi
662 1787 897 1868 argumentum
912 1789 1061 1867 paternae
1081 1773 1150 1840 hu·
1213 1779 1218 1796 “

1 1866 2 1883 ¹
81 1885 232 1953 militatis
250 1885 458 1973 sustulerat,
474 1903 509 1955 et
520 1889 571 1954 M.
585 1886 737 1982 Agrippa
751 1886 941 1957 dicebatur.
958 1869 1073 1983 Quum
1090 1885 1152 1954 de·

1 2099 2 2102 Ἴ
80 2001 233 2070 lendcret
252 2026 369 2084 reum,
387 2002 451 2072 luit
463 2019 640 2072 accusator
653 2006 713 2096 qui
727 2005 858 2074 diceret
870 2009 925 2114 M,
938 2005 1123 2101 Agrippam
1138 2053 1147 2086 ,

78 2120 217 2213 etquod
231 2119 380 2188 medium
404 2135 478 2190 est:
503 2118 639 2188 volebat
655 2122 857 2212 Vipsanium
881 2121 1041 2214 intelligi.
1069 2123 1152 2190 Fuit

1 2329 2 2332 Ἴ
79 2239 136 2330 qui
166 2235 301 2304 diceret
323 2261 332 2303 z
353 2236 595 2320 Concurrite¹3
622 2235 800 2329 Agrippa,
830 2235 954 2309 malum
979 2234 1148 2318 babebis,

1 2343 2 2437 J
78 2347 246 2442 responde
270 2347 348 2418 diis·
374 2350 423 2415 Ea
445 2349 483 2416 in
503 2363 600 2444 parte
613 2351 733 2439 utique
747 2347 983 2420 mibividetur
999 2347 1152 2420 admira-

1 2507 2 2512 κ
78 2467 170 2534 tione
184 2465 309 2558 dignus
323 2463 421 2532 dirus
433 2465 628 2558 Augustus,
652 2463 716 2532 sub
730 2487 798 2555 quo
812 2477 941 2534 tantum
957 2464 1065 2532 licuit.
1083 2465 1151 2534 Sed

1 2557 2 2634 J
77 2579 197 2651 borum
216 2601 286 2646 non
304 2601 438 2674 possum
455 2580 629 2659 misereri,
650 2579 709 2670 qui
728 2578 813 2644 tanti
828 2579 953 2674 putant
965 2594 1067 2673 caput
1083 2603 1150 2672 po-

1 2673 2 2716 t
76 2697 141 2763 tius
166 2717 270 2787 qnam
300 2692 429 2762 dictum
455 2694 615 2790 perdere.
648 2697 750 2763 Latro
775 2692 899 2787 dignus
923 2693 989 2761 fuit
1005 2695 1151 2764 misera-
1231 2723 1237 2730 ·

1 2813 2 2878 l
78 2814 190 2894 tione,
213 2811 273 2902 qui
303 2833 347 2878 ne
376 2833 536 2878 excusam
563 2809 700 2905 quidem
729 2834 879 2879 errorem
907 2835 1004 2879 suum
1024 2815 1145 2906 potuit.

1 2995 2 2998 ,
76 2927 170 2994 Nihil
190 2941 242 2995 est
257 2941 370 2993 autem
395 2924 568 2994 crudelius
584 2952 686 3019 quam
703 2928 751 2995 sic
769 2925 944 3002 offendere,
954 2978 965 3014 ,
986 2941 1025 2997 ut
1042 2929 1148 3024 magis

1 3042 2 3122 f
76 3045 120 3110 sis
137 3041 332 3110 offensurus
347 3043 374 3109 si
391 3041 607 3111 satisfeceris.

77 3239 178 3291 (hiram
190 3237 301 3311 Nepotes
314 3258 344 3291 ex
357 3239 470 3311 Agrippa
481 3249 506 3289 st
515 3237 587 3291 latia
671 3257 693 3289 ι.
704 3239 858 3290 Concurrlte.
868 3237 994 3310 Respexit,
1005 3237 1081 3291 credo
1091 3276 1100 3302 ,
1113 3239 1148 3309 ja·

1 3313 2 3382 l
76 3315 203 3378 tlahuir,
217 3315 307 3369 caium
318 3355 325 3382 ,
338 3315 444 3370 Lucium
456 3328 479 3370 et
493 3316 588 3389 Agrip-
635 3327 727 3368 etatum
742 3313 806 3366 illud
819 3314 943 3367 famosum
957 3315 984 3366 in
996 3313 1145 3372 Ventidium

76 3415 131 3466 pam
140 3413 147 3447 :
157 3407 246 3465 neptes
259 3395 336 3459 duas,
346 3393 442 3447 Iuliam
457 3407 481 3449 st
493 3394 587 3469 Agrip-
635 3391 744 3446 Bassum
755 3411 873 3456 cumen,
888 3393 992 3462 quotdin
1002 3393 1092 3447 Atticis
1102 3415 1148 3447 no·

1 3480 2 3526 l
76 3473 169 3544 pinam.
184 3472 277 3526 Caium
294 3485 319 3523 et
336 3473 442 3524 Lucium
460 3472 589 3544 adoptavit
637 3470 717 3524 stibus
728 3470 811 3542 legas,
824 3469 870 3522 lib.
880 3471 1002 3543 XV,esp.
1013 3474 1042 3536 ἧς
1053 3494 1067 3519 ι
1078 3471 1148 3525 Cou-

1 3600 2 3626 ,
78 3551 245 3625 domi,peroes
253 3563 278 3601 et
288 3548 379 3602 libram
387 3561 483 3623 surptus
495 3571 509 3603 a
521 3563 588 3624 patre
637 3547 729 3601 currito
740 3567 829 3600 omnes
839 3544 977 3621 Augures,
998 3547 1145 3619 Aruspiecs,

1 3657 2 3708 ,
77 3629 204 3702 Agrippa,
220 3641 372 3698 tenerosque
391 3627 475 3681 adbuc
492 3629 524 3682 ad
543 3649 588 3682 eu·
636 3627 786 3679 Portentum
797 3624 943 3679 inusitatum
956 3627 1092 3681 condatum
1112 3640 1149 3680 est

1 3740 2 3754 t
78 3723 127 3757 ram
141 3705 262 3778 Reipubl.
276 3705 407 3770 admovit,
426 3717 451 3756 et
464 3703 588 3758 Consules
614 3751 616 3758 ,
636 3721 743 3769 recens,
768 3721 828 3754 nam
842 3703 930 3761 mulos
960 3706 1005 3776 qni
1025 3705 1148 3772 fricabat,

1 3823 2 3846 3
78 3782 218 3856 designatos
237 3783 335 3836 circum
354 3782 498 3853 provincias
514 3802 588 3835 exer·
640 3779 737 3834 Consul
750 3780 829 3834 sactus
845 3793 909 3834 est.»
919 3779 1149 3835 Sebott.-·'Schult.

1 3870 2 3877 ’
78 3859 297 3930 rimqnedimitit.
307 3859 365 3913 Hos
374 3860 401 3912 in
411 3859 588 3932 duodeviginti
636 3857 723 3911 locum
748 3859 782 3912 tic
805 3859 934 3913 restituere
955 3858 1004 3914 sibi
1027 3859 1148 3911 videtur:

1 3961 2 3986 1
72 3925 199 3992 inaurium
214 3941 298 4010 spatio
317 3939 403 3994 amisit
416 3937 588 4004 ambos30aio
638 3957 652 3986 s
665 3935 813 3990 Concurrite
832 3938 951 4011 Agrippa
962 3957 968 3991 :
980 3937 1077 3990 malum
1095 3936 1147 3988 ht-

76 4015 106 4066 in
115 4015 203 4086 laycis,
215 4019 298 4073 Lucio
315 4015 440 4072 Massilia
456 4017 586 4070 defunctis.
636 4017 727 4070 bebitis
736 4018 788 4072 niti
798 4018 993 4092 responderitis,
1006 4038 1021 4064 a
1031 4034 1087 4087 quse
1102 4035 1148 4067 vs-

77 4091 167 4149 Seleu
637 4114 693 4149 reor
704 4107 731 4148 ut
742 4096 844 4169 plenam
858 4095 942 4149 lucem
952 4095 1066 4147 afferant.
1077 4093 1129 4146 En.

469 4245 754 4278 ...q-0...-
