2842 4812
566 316 579 348 Ι

310 499 375 568 ψ
627 477 676 541 u.
702 472 848 546 turtur
870 477 1050 546 sennen

307 604 504 698 Numquid,
525 605 655 697 inquit,
678 619 712 670 et
724 602 848 696 aliquia
868 627 908 672 ex
925 606 994 673 tuie
1009 622 1149 675 venerat
1166 607 1265 676 index
1279 611 1359 678 *iun

307 743 405 788 nemo
423 720 582 789 Ciceroni
600 719 769 788 timendus
792 735 863 801 est,
885 722 945 812 qui
971 744 1049 790 cum
1070 722 1202 816 Popilio
1227 725 1359 796 renit²l
1394 763 1399 768 ·

357 835 405 927 Q.
421 837 574 902 Hermu.
588 832 661 927 Qui
672 832 770 902 modo
783 833 888 904 Italiae
900 832 1052 904 humeris
1066 836 1192 906 relatur
1204 853 1265 920 eat,
1280 861 1359 908 nuuc

306 952 395 1020 oica
418 952 548 1044 Popilio
567 952 740 1020 refertur?
759 953 937 1044 Proposito
957 953 994 1020 in
1011 953 1129 1023 roetrie
1146 956 1256 1049 capite
1272 955 1358 1024 Cice·

307 1069 414 1153 ronie,
425 1093 531 1159 quum
542 1068 643 1136 uuiua
656 1084 746 1137 metu
761 1069 872 1138 omnia
883 1085 1093 1156 tenerentur,
1107 1074 1252 1164 gemitur
1261 1089 1357 1142 temen

308 1183 424 1275 populi
441 1181 531 1250 liber
550 1182 627 1252 luit.

356 1302 444 1367 Jourr
466 1303 568 1368 Bassr.
596 1300 832 1392 Proscriptus,
857 1299 992 1390 inquit',
1018 1315 1091 1368 erat
1114 1302 1247 1372 Cicero.
1272 1303 1357 1368 Pater

306 1431 400 1484 certe
420 1433 498 1484 tuns
517 1417 728 1508 proscriptus
745 1439 814 1482 non
831 1415 908 1484 luit.

356 1533 495 1600 Braunr.
510 1533 567 1600 Dii
583 1555 698 1600 manes
710 1533 836 1626 Popilii
850 1532 941 1634 senis
955 1533 1077 1615 occisi,
1093 1548 1128 1601 et
1142 1533 1256 1602 inultae
1267 1533 1356 1625 patrie

308 1648 452 1730 umbrae,
470 1650 589 1718 Cicero
604 1697 614 1731 ,
632 1665 665 1715 te
680 1665 944 1742 persequuntur,
965 1665 1115 1740 nequem
1130 1651 1275 1742 neganti,
1290 1669 1357 1742 ptr,-

308 1763 601 1832 ricidamcentiee.
1358 1855 1363 1868 Ι

355 1881 544 1948 Carrroms.
564 1879 698 1948 Deduxi
719 1880 763 1950 ud
787 1905 848 1950 voc
868 1905 964 1950 reum
980 1875 1155 1967 omnium,
1180 1905 1261 1974 quoe
1281 1895 1355 1948 term

306 1997 474 2081 sustinet,
491 1998 783 2080 nocentissimum,
805 1999 1000 2092 ingratum,
1019 2000 1183 2091 impium,
1199 2017 1355 2093 perconto-

309 2136 397 2195 rem,
411 2111 464 2180 bia
476 2112 681 2205 parricidam
701 2140 709 2180 ε
725 2137 789 2208 nec
803 2131 916 2186 tumen
930 2115 1045 2184 timeo.
1057 2117 1198 2184 Patroni
1211 2112 1350 2185 viderint.

207 2215 208 2220 ἵ
308 2229 591 2322 NemouPopilio
606 2230 767 2321 quidem,
784 2231 849 2298 nisi
870 2248 945 2326 pont
966 2231 1173 2301 beneficium
1193 2229 1350 2300 occiditur.

308 2348 380 2414 Nec
396 2345 642 2416 damnationem
658 2364 769 2416 tamen
787 2350 884 2417 iatius
902 2347 1066 2441 despero3
1087 2371 1156 2416 non
1171 2349 1290 2418 enima
1306 2345 1354 2414 Ci-

309 2485 433 2532 cerone
454 2487 548 2532 nunc
574 2461 780 2533 defenditur.
809 2466 930 2534 Timeo
952 2489 996 2534 ne
1022 2489 1128 2534 cauam
1150 2489 1221 2534 uon
1241 2460 1353 2534 utitin-

307 2578 418 2663 cium3
447 2576 555 2670 major
576 2601 676 2646 cauea
701 2594 773 2662 eet,
789 2579 952 2672 ¹occisum
971 2603 992 2648 a
1014 2579 1147 2674 Popilio
1176 2581 1353 2650 Ciceronem

307 2692 420 2784 queri,
432 2716 531 2785 quum
544 2693 609 2762 fuit
620 2694 804 2786 aliquando
813 2695 972 2788 probare,
987 2719 1056 2764 non
1071 2695 1219 2766 occisum
1227 2708 1351 2788 putrem·

307 2805 507 2874 Ciceronem
526 2809 703 2899 quisquam
718 2809 830 2900 potuit
846 2806 1002 2880 occidere
1016 2857 1026 2892 ,
1042 2811 1101 2901 qui
1115 2807 1267 2878 audivit?
1278 2803 1354 2872 ttin-

307 2924 480 2990 turnenaie
493 2922 590 3014 palus
599 2923 744 2992 exsulem
751 2925 898 2994 Marium
907 2949 977 2995 non
986 2923 1110 2996 huuait.
1121 2925 1258 2996 Cimber
1268 2921 1354 2990 etium

307 3038 344 3106 in
372 3061 509 3106 carcere
531 3038 619 3109 vidit
644 3041 890 3133 imperantem,
909 3057 1032 3136 pretor
1056 3044 1123 3110 iter
1145 3065 1166 3110 n
1192 3049 1353 3132 conepectn

244 3155 251 3170 ’
308 3151 433 3222 exsulis
450 3154 542 3222 flexit
552 3148 579 3222 ³.
595 3155 667 3248 Qui
682 3156 719 3226 in
736 3157 913 3252 crepidine
924 3157 1227 3245 videratMnrium,
1241 3157 1274 3225 in
1286 3147 1353 3222 telle

266 3369 269 3376 '
345 3384 365 3416 ι.
377 3365 517 3436 Numquid
525 3371 817 3438 etuliquiaveneratio·
858 3369 949 3439 fhaeit.
963 3371 1023 3428 Non
1036 3385 1120 3424 narrat
1139 3371 1194 3427 hee
1206 3363 1352 3423 Plutarchus.

307 3442 818 3516 dex?rldoleaeentemquemdam,Quinti
866 3449 910 3502 red
921 3469 968 3502 nec
981 3451 1106 3503 contraria
1119 3448 1159 3503 hie
1170 3447 1236 3502 illiue
1247 3466 1273 3499 er
1282 3455 1353 3495 narrt·

307 3520 438 3573 Ciceronis
449 3524 531 3578 fratris
547 3525 681 3590 libertum,
702 3528 743 3580 eui
754 3527 817 3580 Phi·
865 3527 936 3578 tione
950 3526 1124 3580 demonatrat:
1138 3527 1207 3598 quod
1221 3523 1281 3578 velle
1294 3516 1353 3570 vide·

307 3598 394 3670 lologo
410 3620 520 3666 nomen,
536 3603 631 3657 [enati
644 3604 747 3673 dixisse,
761 3604 816 3658 lec·
865 3617 906 3657 tur
918 3605 1009 3658 Faber.
1021 3605 1087 3658 Nam
1098 3606 1180 3678 potuit
1194 3602 1297 3678 ejusdem
1310 3609 1352 3648 Μ

307 3673 355 3728 tica
366 3675 514 3730 Ciceronem
527 3700 570 3751 per
581 3680 704 3734 eilvestree
715 3695 739 3734 et
750 3703 816 3754 opa-
865 3683 991 3750 hominia,
1007 3695 1034 3736 ut
1045 3695 1070 3736 et
1086 3683 1183 3750 Mario,
1194 3680 1237 3754 qui
1248 3675 1352 3760 intllQ

307 3774 347 3807 car
365 3755 547 3814 ambulationes
566 3760 599 3812 ed
618 3781 688 3815 mare
705 3763 812 3832 deferri,
864 3774 915 3816 erat
929 3761 1021 3827 lroatis,
1034 3775 1135 3815 tenatur
1151 3755 1285 3814 auctoritati
1297 3743 1351 3803 mut

306 3843 395 3887 auctor
408 3848 444 3888 eat
456 3835 612 3892 Plutarchus.
622 3839 720 3893 Senon.
863 3842 1012 3909 advertant,
1025 3843 1183 3897 interdiceret
1191 3831 1352 3918 provincietttt

340 3932 363 3962 2·
378 3911 500 3984 Quicum
516 3915 621 3983 Popilio
636 3920 726 3972 venit?
741 3919 817 3972 Venit
865 3921 993 3988 African
1005 3921 1072 3975 illius
1084 3935 1169 3974 tamen
1179 3915 1266 3973 extulit
1276 3921 1352 3965 tantu

307 3989 451 4044 Herennius
468 3991 571 4061 quidem
594 3991 735 4058 Centurio,
758 4017 815 4050 cunr
865 4013 1000 4071 conspeetu
1009 4002 1056 4053 iter
1065 4002 1180 4054 flecteret.
1191 3997 1271 4064 Quare
1279 3989 1351 4044 altem

308 4067 408 4122 Lauare
421 4069 536 4124 'l'ribuno
554 4072 682 4140 militnm,
697 4073 817 4148 atipanti-
866 4078 988 4130 referente
1011 4077 1159 4142 Plutarcho,
1181 4075 1241 4148 quid
1261 4073 1289 4125 ab
1308 4065 1351 4136 {1¹¹⁰

309 4143 355 4198 bua
366 4147 464 4220 aliquot
474 4149 603 4204 militibus.
619 4151 723 4204 Scitote.
866 4153 1010 4228 promittere
1032 4154 1081 4208 ribi
1100 4166 1180 4229 postet
1198 4149 1301 4207 Mariua,
1318 4155 1351 4212 pff

340 4223 476 4280 3.Proetor
487 4233 563 4282 itera
576 4235 816 4300 conspectuexrulis
866 4233 980 4288 lictorem
992 4254 1064 4288 auum
1074 4229 1255 4307 significaverit«
1263 4215 1348 4277 tisim
1401 4269 1408 4292 o
