2874 4796
280 415 345 500 440
605 417 652 482 M.
677 414 823 482 srrrm
844 413 1023 482 serrem

279 539 441 634 adtquod
455 543 643 636 premium,
654 566 760 634 quum
777 543 876 610 istum
891 541 982 610 siout
994 541 1034 624 ii,
1050 543 1108 634 qui
1122 565 1160 612 se
1174 543 1268 612 olere
1278 567 1342 612 noo

279 671 420 750 possunt
430 657 452 748 Ρ,
465 658 542 724 Non
566 658 595 724 is
620 671 670 724 est
697 656 757 747 qui
781 680 909 748 rogere·
925 657 1076 744 nesciat,
1100 659 1199 726 etism
1224 657 1344 726 dooere

280 771 375 840 solet.
403 772 499 863 Quos
514 773 652 840 affectus
670 789 799 841 vestros
821 789 938 866 optare
960 771 1120 857 debeam,
1136 772 1291 856 neseio¹,
1316 774 1343 838 si

279 887 519 956 misericordie
534 889 709 986 propiores
726 888 874 970 fueritis,
892 889 1035 956 crimino
1053 889 1103 956 rei
1122 888 1220 956 vobis
1235 903 1344 956 osteo·

280 1003 356 1072 dam
374 1006 401 1072 si
419 1029 535 1073 verum
553 1005 656 1072 fuerit
668 1011 694 1072 ².
715 1005 760 1074 At
780 1027 874 1074 reum
899 1003 998 1076 huno,
1012 1029 1073 1074 nos
1086 1004 1224 1098 publice
1238 1006 1345 1098 posci·

280 1115 388 1190 mus⁵.
417 1122 570 1213 Erigitur
590 1139 668 1190 a'te
686 1123 879 1204 talio,.nors
896 1121 1001 1191 bobes
1017 1122 1156 1192 totidem
1172 1122 1343 1204 membro,

169 1219 172 1232 ’
278 1221 362 1330 qtiot
377 1236 494 1306 debes.
515 1240 611 1330 Lupa
629 1236 733 1304 oblita
753 1238 915 1318 feritatis,
934 1237 1119 1330 placidior,
1143 1237 1240 1306 velot
1260 1237 1347 1304 soeti·

278 1353 343 1421 bus
366 1355 439 1422 suis
461 1352 644 1447 praebuisso
667 1353 774 1421 ubero
797 1353 917 1422 fertur.
944 1355 1000 1423 Sic
1024 1353 1103 1447 lupo
1119 1352 1213 1421 venit
1230 1351 1276 1419 sd
1292 1353 1345 1419 io·

280 1471 390 1538 fantes
401 1497 408 1536 :
420 1486 649 1563 exspectemus
662 1469 846 1538 hominem.
856 1447 1019 1538 Grtituior
1031 1470 1108 1551 tibi,
1122 1471 1245 1547 Romo,
1255 1466 1345 1560 quod

278 1589 317 1654 in
336 1586 528 1656 conditores
548 1601 623 1654 tuos
641 1585 741 1654 homo
758 1586 975 1653 nonineidit.
992 1587 1084 1678 Ergo
1104 1610 1208 1677 quum
1226 1585 1271 1654 de
1284 1611 1347 1679 pu·

279 1699 619 1772 biioa'misericordis
638 1702 825 1794 cogitares,
846 1717 911 1770 tam
931 1701 1079 1771 crudelis
1098 1725 1170 1770 esse
1185 1703 1348 1795 potuisti?

278 1817 454 1891 Proxima,
472 1816 601 1905 inquit,
619 1814 675 1882 die
689 1811 747 1882 bie
760 1813 941 1908 plurimum
958 1814 1095 1882 retulit?
1109 1812 1288 1883 facis-dus
1299 1831 1347 1882 est

175 1923 179 1935 '
279 1929 362 1998 huic
378 1931 498 2009 similis
511 1929 619 2014 alter3
638 1928 697 1996 hio
709 1930 788 1996 satis
807 1929 943 2012 retulit,
966 1931 1025 2000 fist
1040 1930 1174 1998 esoiios
1188 1929 1345 1999 miserad

280 2045 346 2114 boc
359 2045 561 2136 exemplum.
579 2045 629 2112 Ite
645 2068 736 2112 nunc
746 2095 756 2129 ,
778 2045 909 2137 inquit,
929 2061 963 2112 et
980 2045 1140 2114 alimenta
1154 2043 1239 2114 milri
1255 2069 1346 2137 que·

279 2163 357 2228 rite.
376 2163 450 2246 Tu,
469 2163 599 2253 inquit,
625 2162 684 2253 qui
709 2161 823 2230 oculos
845 2185 913 2230 non
936 2160 1060 2246 bobes,
1084 2183 1146 2253 per
1161 2161 1279 2230 oeulos
1292 2185 1347 2230 ro-

280 2298 380 2374 gat03
404 2296 458 2361 tu,
479 2281 611 2378 inquit,
634 2279 693 2369 qui
720 2301 836 2348 manus
861 2277 1058 2371 perdidisti,
1080 2301 1346 2370 permenusro-

280 2410 377 2488 go103
403 2408 439 2459 tu
461 2391 604 2484 perillo
627 2392 778 2460 membro
801 2415 877 2485 quae
904 2392 1008 2458 trahis
1031 2389 1157 2460 debilia
1184 2418 1192 2457 ι
1219 2415 1283 2483 per
1307 2413 1346 2458 es

279 2509 445 2600 quisque,
470 2529 545 2597 quae
561 2503 764 2591 nonhabet,
781 2504 918 2572 ambiat.
936 2505 967 2572 Ο
984 2505 1121 2572 miseros
1134 2505 1195 2594 qui
1216 2505 1268 2572 sie
1287 2527 1346 2572 ro-

281 2619 378 2716 gent!
398 2623 609 2706 miseriores,
627 2623 686 2713 qui
712 2623 761 2688 sic
782 2617 963 2714 rogantur!
986 2623 1093 2702 Eeoe,
1117 2620 1342 2710 nescioquis,

279 2741 390 2821 Meus,
406 2738 530 2828 inquit,
547 2736 637 2804 filius
647 2735 680 2801 si
694 2737 837 2816 viveret,
853 2735 935 2804 hoio
948 2736 1098 2804 fortassis
1110 2734 1231 2804 similis
1243 2749 1343 2802 esset.

280 2852 386 2932 Num,
404 2849 518 2939 inquit
528 2896 540 2930 ,
567 2870 630 2940 ego
656 2869 766 2918 meum
793 2850 952 2916 transeo?
970 2849 1067 2917 Alius
1079 2848 1192 2940 inquit
1208 2874 1217 2914 ι
1233 2847 1349 2916 Potuit

280 2986 374 3030 meus
398 2964 434 3030 in
457 2959 611 3029 eumdem
638 2963 791 3032 incidere
818 2963 1004 3052 dominum,
1035 2964 1170 3056 quidsi
1196 2963 1348 3032 incidit?

280 3150 380 3224 posset?
395 3154 478 3226 Atque
488 3171 517 3204 eo
528 3151 723 3226 baoopsrtinsre
734 3173 788 3208 ors·
836 3175 892 3210 rum
915 3157 1044 3220 crimina,
1074 3175 1131 3227 ques
1160 3177 1219 3212 turo
1242 3157 1347 3209 infamia

282 3228 377 3282 tionem
392 3228 614 3282 arbitrer.Sclm1t.
837 3234 964 3306 ipsorum,
982 3234 1027 3306 qui
1041 3235 1165 3308 imperent
1175 3234 1237 3308 reip.
1249 3249 1273 3287 et
1284 3234 1349 3306 judi.

317 3332 338 3364 ι.
363 3311 437 3382 Quos
455 3313 565 3383 assertus
585 3323 682 3366 vestros
700 3323 789 3380 optare
830 3311 909 3377 ὀποί,
922 3314 1134 3386 suuteonjunrts.
1147 3311 1248 3366 Scitote.

281 3391 388 3444 debeam
400 3424 407 3452 ‚
420 3395 512 3444 nescio.
526 3391 570 3442 tlte
584 3391 686 3464 egregie
704 3392 789 3442 doetus
870 3413 893 3445 π.
904 3392 936 3446 Si
947 3411 1037 3446 verum
1046 3394 1132 3461 suerit.
1151 3389 1291 3460 Confecere
1309 3392 1347 3443 irs-

282 3489 353 3524 orsre
371 3482 394 3522 ot
412 3469 540 3537 blendiri,
560 3483 587 3522 ut
605 3471 680 3524 etism
701 3471 789 3524 dorset
837 3476 954 3542 terpretes
970 3469 1014 3522 alii
1023 3473 1048 3524 εἰ
1056 3471 1136 3522 otium
1136 3468 1233 3538 suerit,
1243 3468 1348 3522 siiim'ss'

281 3549 360 3616 elios,
372 3568 434 3614 ¹vos,
447 3561 545 3616 metuo,
560 3569 592 3602 ne
605 3559 749 3619 permoveat
757 3545 789 3600 sd
838 3547 1050 3612 odiosumsuerit.
1059 3544 1347 3598 innuenseitSebsitio·

283 3623 481 3683 misericordiam
502 3640 525 3678 et
545 3627 737 3680 absolvendum.
758 3625 790 3678 Et
839 3623 895 3695 gius
914 3622 1010 3694 judices
1031 3621 1133 3676 infamis
1155 3623 1279 3692 flagrare,
1302 3623 1345 3692 qui

281 3717 364 3760 tamen
388 3705 436 3758 hoe
460 3705 541 3778 ipsum
566 3704 630 3756 meis
650 3702 790 3756 rationibus
839 3701 906 3752 buno
918 3699 1046 3752 bominem
1061 3698 1087 3752 in
1098 3698 1199 3750 civitate
1209 3699 1344 3752 itsdiosoo

280 3781 496 3839 accommodatum
514 3801 574 3834 esse·
584 3793 676 3853 potest,
698 3792 723 3832 ut
738 3780 790 3832 sitis
838 3780 958 3832 arbitratu
969 3779 1059 3834 saevirr.
1073 3778 1245 3850 permiserint,
1258 3792 1285 3830 ut
1299 3799 1345 3832 str-

280 3859 461 3914 misericordss·
482 3863 546 3912 Nam
564 3872 633 3910 tanto
652 3858 748 3930 magis,
767 3858 788 3908 si
836 3857 915 3930 spicio
929 3877 980 3910 esse
991 3869 1071 3927 postet
1079 3857 1245 3925 sliqus,rron
1254 3857 1346 3929 ignaris

280 3937 357 4008 hujus
376 3958 477 3992 narrare
494 3957 593 4009 coepero
611 3936 732 3998 erimina,
751 3937 786 3989 ira
838 3937 868 3988 iis
883 3935 934 3990 isaes
949 3954 1001 3988 esse
1015 3935 1088 3988 issu.

279 4013 401 4068 debebitis
413 4017 580 4068 exardescere.
594 4013 671 4082 Quod
685 4032 788 4084 expres-
869 4013 891 4065 3,
901 4016 1018 4066 Atrersm
1024 4012 1346 4080 humnmpublioepascs-

279 4113 335 4146 sum
349 4109 383 4144 est
394 4093 441 4158 iit,
455 4111 511 4162 que
521 4105 669 4162 sequuntur,
682 4092 724 4142 uhi
738 4091 789 4144 mi·
836 4093 995 4146 mm.Tanto
1004 4091 1087 4144 minus
1097 4089 1271 4153 mittendus,
1280 4091 1345 4159 qood

279 4186 352 4228 netur
362 4193 387 4226 se
400 4173 473 4245 hujus
489 4173 572 4226 divitis
592 4185 614 4224 st
627 4170 662 4224 rei
676 4183 787 4224 ostentu·
838 4191 888 4224 non
901 4190 979 4228 steros
993 4181 1101 4236 uotum,
1115 4169 1159 4222 sed
1173 4167 1345 4222 detestabilem
