2842 4812
255 441 685 514 CONTROVERSIARUM
708 450 788 515 LIB.
814 451 882 537 111,
909 454 978 520 23„
1085 457 1150 549 3²9

89 568 206 634 venire
217 589 288 636 uon
306 557 437 660 poterut
445 619 457 653 ,
474 567 622 639 ludices.
642 575 792 644 Tertiam
805 582 1005 650 sententiam
1018 600 1152 653 secutus

90 698 150 750 est.
173 683 211 753 si
236 685 373 778 rspuit,
402 683 579 776 indignum
605 705 656 756 est
680 692 826 784 puellam
856 698 993 766 invitam
1022 717 1152 795 raptam

89 821 160 866 esse
175 823 184 864 :
201 787 312 866 sinon
327 799 458 892 rapuit,
475 822 588 869 nonne
602 801 781 898 indignum
794 824 864 892 est,
881 811 958 881 fieri
972 813 1066 898 illum
1080 841 1153 887 ms·

88 912 222 980 ritum?

134 1030 217 1100 Suo
230 1033 396 1099 Pomws
406 1029 506 1114 dixit,
519 1031 762 1105 adolescentem
776 1042 1005 1114 verecundum
1016 1064 1149 1135 natura,
1171 1117 1175 1123 .

87 1158 122 1214 et
143 1145 263 1216 rustici
286 1143 451 1238 pudoris,
476 1170 545 1216 non
571 1151 768 1222 sustinuisse
790 1157 1047 1232 confessionem.
1075 1165 1152 1235 Non

87 1261 244 1355 placebat
267 1265 406 1332 Latroni
433 1263 696 1352 colorsMinus,
718 1272 849 1364 inquit,
871 1277 1063 1368 ignoscetur
1077 1283 1149 1368 illi,

88 1380 114 1446 si
139 1381 204 1447 scit
221 1401 259 1447 se
272 1381 443 1472 rapuisse,
465 1395 499 1447 et
517 1382 626 1450 sciens
641 1387 800 1454 mentitus
812 1406 874 1457 est.
891 1393 1152 1468 Contradicebat

87 1493 174 1574 Silo,
193 1515 293 1586 posse
308 1491 592 1574 altimensor,
612 1495 758 1590 aliquem
775 1504 907 1572 nescire
925 1527 969 1572 an
985 1512 1146 1602 rapuerit

134 1611 299 1677 Essemus
311 1610 508 1678 Constemus.
526 1613 601 1680 Non
615 1609 804 1684 subducere
816 1615 888 1702 illi,
905 1619 1030 1712 inquit,
1048 1627 1151 1692 mari-

89 1738 157 1792 tum
179 1725 298 1808 volui,
328 1723 387 1793 sed
412 1725 639 1796 honestiorem
665 1726 758 1800 dare.
789 1735 902 1828 Digna
921 1752 990 1821 est,
1012 1740 1146 1832 inquit,

87 1854 154 1908 tam
179 1841 372 1931 misericors
396 1841 526 1934 puella,
553 1866 628 1935 qnae
653 1867 721 1913 non
745 1845 901 1919 videatur
918 1855 1071 1948 nupsisse
1090 1879 1150 1924 ra-

87 1958 189 2049 ptari.

133 2071 237 2138 Hssro
255 2071 412 2140 Romus
430 2075 499 2156 sit,
522 2073 596 2142 illos
615 2075 766 2161 sodales,
786 2081 843 2170 qui
869 2081 979 2176 ipsum
1000 2086 1150 2180 impule-

87 2201 184 2269 rant,
205 2186 485 2272 circumstetisse,
506 2204 541 2255 et
559 2187 681 2259 dixisse
700 2195 798 2262 :Non
813 2212 864 2264 est
882 2198 953 2268 brec
969 2223 1069 2293 quam
1088 2229 1149 2274 ra-

85 2304 189 2395 puisti
202 2307 228 2389 ¹3
244 2305 370 2385 timuit,
386 2328 429 2406 ne
447 2304 511 2386 illi,
532 2321 632 2397 quam
649 2279 818 2402 rapuerat,
837 2313 963 2385 laceret
975 2318 1147 2413 injuriam.

133 2419 361 2488 Ancssrrsms
375 2417 460 2488 dixit
473 2445 481 2488 :
494 2422 623 2491 Vellem
638 2441 778 2494 mortem
796 2444 963 2521 optasses,
980 2457 1049 2503 non
1062 2453 1149 2508 esset

83 2535 141 2604 hic
169 2550 286 2629 raptor
305 2535 488 2628 judicatus.
513 2540 588 2607 Non
610 2557 710 2608 causa
733 2557 790 2610 tua
809 2544 904 2615 illum
922 2553 1067 2642 premit,
1087 2551 1147 2620 sed

84 2654 192 2747 optio.
210 2653 298 2722 Dum
316 2655 548 2748 unusquisque
562 2655 668 2748 judex
694 2656 798 2742 dicit,
825 2663 917 2754 quid¹
928 2663 1030 2736 habet
1054 2669 1147 2761 quod

84 2785 259 2864 tantopere
281 2786 414 2840 recuset
436 2799 444 2838 :
464 2787 561 2865 putat
580 2773 623 2842 de
647 2777 756 2868 capite
779 2780 832 2870 agi
852 2806 860 2848 ε
879 2796 913 2851 et
930 2783 1086 2877 ipsesit,
1110 2809 1147 2856 se

82 2907 152 2952 non
173 2883 264 2952 nolle
287 2882 411 2953 ducere
433 2909 572 2954 uxorem
591 2912 599 2953 ι
615 2885 676 2955 sed
694 2890 828 2960 titulum
849 2913 995 2964 recusat.
1016 2901 1146 2995 Nempe

81 3002 190 3069 vicem
203 2999 305 3069 ducet
318 3024 467 3070 uxorem.
486 3003 562 3070 Non
576 3019 627 3070 est
640 3004 782 3076 sollicite
795 3006 839 3077 de
853 3033 893 3078 eo
901 3011 1124 3103 judicandum
1132 3067 1143 3103 ,

82 3118 136 3186 cui
157 3112 313 3186 damnato
330 3117 581 3210 gratulandum.
645 3215 646 3218 Ἴ

130 3235 210 3305 Suo
224 3233 292 3305 hoo
308 3236 422 3304 colore
439 3258 519 3303 usus
534 3250 584 3304 est
602 3261 610 3304 :
628 3236 810 3308 Conlatum
824 3242 1072 3326 adolescentem
1087 3275 1146 3320 su-

80 3350 172 3434 bito,
191 3368 227 3420 et
242 3369 336 3421 tanto
350 3352 496 3421 tumultu
513 3376 630 3446 parum
648 3350 712 3423 sibi
727 3358 926 3443 constitisse,
944 3376 978 3429 et
991 3387 1144 3457 negasse,

80 3471 162 3561 quia
179 3467 398 3563 perturbatus
414 3484 486 3538 erat
504 3496 513 3536 r
529 3491 781 3562 perseverasse,
802 3475 882 3564 quia
901 3498 1093 3569 negaverat.

113 3659 133 3693 ι.
151 3638 244 3708 Quam
255 3641 376 3708 rapuisti.
386 3639 483 3692 Videor
500 3639 526 3690 in
545 3657 588 3691 ve·
639 3650 709 3718 Quid
727 3652 748 3704 si
766 3653 847 3726 leges,
868 3660 939 3712 attus
958 3661 1052 3716 miss?
1071 3663 1147 3717 Joan.

81 3715 125 3768 teri
137 3715 184 3768 illo
195 3715 402 3789 legissezssliss
412 3715 589 3806 mittistllmttll
637 3727 749 3783 Petreius
764 3751 816 3784 nott
833 3733 910 3808 longe
920 3756 935 3788 s
945 3740 1025 3792 reteri
1037 3735 1147 3794 lectione

79 3811 111 3846 ne
125 3792 181 3858 itti,
192 3813 270 3864 quem
282 3794 406 3866 rapuerit,
418 3795 508 3847 laceret
518 3812 588 3865 rupu-
637 3804 698 3858 abiis
709 3824 739 3860 :c
748 3809 832 3863 Aliam
846 3815 919 3866 milti.
929 3816 1040 3878 Timuit,
1050 3835 1084 3868 ne
1093 3817 1147 3890 itti,

7 3925 19 3934 ⁸
78 3871 218 3926 risumve
235 3891 290 3926 nott
309 3871 339 3924 de
357 3873 588 3936 Rhetoremtln·
637 3903 712 3952 quem
734 3903 864 3960 rapuerat,
887 3892 1008 3966 injurium
1021 3895 1145 3948 iaceret.»

79 3959 147 4020 ploce
168 3950 330 4006 edolsscente
359 3948 488 4023 fingentur
512 3953 588 4005 dicta.
639 3961 729 4015 Scbott.

464 4205 744 4235 -00---
