2866 4814
201 503 202 508 η
312 449 374 494 toa
632 425 679 491 M.
705 423 851 490 ANNAEI
874 423 1053 489 SENECAE

353 550 498 620 Sordide
512 553 682 634 Bisrnrus,
702 548 762 640 qni
781 547 866 614 dixit
883 574 890 612 :
907 551 1007 615 Extra
1021 563 1150 639 portem
1168 550 1284 617 istam'
1301 552 1368 618 vir·

307 667 440 760 ginem3
457 684 511 749 et,
529 664 679 734 Ostende
699 665 796 730 istam
810 663 1032 754 aeruginosam
1046 687 1178 732 manum
1191 669 1218 730 ².

352 783 464 848 Vrsrus
475 785 604 858 Rurus,
622 781 681 870 qni
696 778 781 845 dixit
796 805 803 842 ε
823 775 1094 847 Redoleeadhuc
1109 777 1287 869 fuliginem
1304 777 1369 846 for·

310 899 397 968 nieis
410 893 437 963 ³.

357 1013 545 1094 Obseoeue,
580 1007 860 1103 quemadmodum
891 1009 1107 1075 Munnnsnrus
1143 1009 1282 1090 rhetor,
1314 1009 1369 1098 qui

309 1125 416 1193 dixit:
433 1122 532 1192 Unde
549 1124 688 1202 seimus,
708 1145 753 1187 uu
769 1120 1050 1189 convenientibus
1073 1144 1134 1214 pro
1155 1121 1366 1216 virginitate,

308 1355 488 1448 quemdam
504 1353 699 1446 praetorium
714 1350 843 1434 dicere,
853 1375 958 1444 quum
971 1351 1174 1421 declamaret
1182 1369 1371 1420 coutrover-

310 1476 395 1541 siam
411 1471 455 1540 de
469 1470 527 1537 illa
546 1491 621 1560 quae
639 1467 709 1558 egit
726 1490 802 1534 cum
818 1467 892 1533 viro
911 1466 1004 1535 malae
1025 1469 1259 1553 tractationis,
1287 1464 1369 1559 quod

308 1591 407 1682 virgo
424 1602 534 1668 esset,
551 1600 585 1650 et
601 1581 773 1649 damnavit
788 1607 795 1646 :
812 1597 927 1673 postea
944 1582 1043 1672 petiit
1057 1581 1295 1650 sacerdotium.
1307 1584 1370 1649 Νο-

308 1708 432 1787 vimus,
445 1699 570 1792 inquit,
583 1700 679 1765 istum
696 1698 893 1764 meritorum
907 1697 1145 1768 abstinentiam
1157 1749 1166 1777 ‚
1187 1703 1262 1792 qui,
1278 1702 1369 1768 etium

309 1822 338 1888 si
364 1821 506 1910 primam
524 1814 716 1907 virginibus
736 1812 863 1879 timidis
890 1814 1051 1880 remisere
1075 1830 1229 1896 noctem,
1260 1816 1370 1884 vicinis

309 1949 421 2001 tumen
438 1931 521 1998 loeis
538 1927 671 1996 ludunt.
691 1926 859 1994 Audiebat
873 1925 967 1994 illum
981 1929 1147 2010 Scaurus,
1165 1956 1232 1999 nou
1253 1948 1369 2000 tantum

312 2046 552 2114 disertissimus
568 2043 689 2125 home,
716 2042 776 2108 sed
793 2043 1068 2128 venustissimus,
1093 2046 1151 2136 qni
1170 2047 1297 2115 nullius
1312 2069 1368 2114 un·

346 2295 368 2330 ι.
377 2273 469 2330 Extra
476 2285 582 2344 pennen
592 2278 683 2326 istam.
694 2271 822 2342 Simplex:
873 2271 934 2323 ludo
945 2292 1064 2326 concessa
1072 2287 1175 2348 vagatur
1188 2273 1253 2328 AEra
1265 2288 1368 2348 petens.»

311 2352 377 2406 male
396 2363 495 2426 perenn
516 2363 554 2404 eat
576 2350 709 2402 maximam
731 2349 823 2401 malam
872 2349 941 2402 Hinc
954 2351 1272 2406 scammoneSchnlt.

311 2427 339 2480 in
352 2447 461 2480 erucem.
472 2427 567 2479 Saltem
579 2424 702 2499 supplicio
713 2416 770 2476 enin
780 2443 824 2496 po·
907 2425 930 2477 3.
944 2427 1057 2481 Redoles
1069 2427 1370 2500 adhucsultkfnemsnm·

311 2509 377 2574 tint,
391 2525 468 2576 quam
490 2505 589 2558 honere
607 2517 692 2558 censet
705 2517 823 2556 mactan-
874 2501 962 2570 Quum
974 2504 1083 2557 fornices
1092 2504 1241 2578 plerumque
1253 2503 1370 2558 subterra-

315 2585 372 2638 dam
386 2584 527 2638 sacerdotii.
543 2585 610 2636 Nam
619 2593 725 2650 portam
739 2583 824 2655 appel·
874 2581 917 2633 uei
926 2582 1033 2649 fuerint,
1043 2583 1127 2635 minus
1139 2581 1370 2650 videbiturmirnm

311 2664 382 2726 lent,
402 2675 471 2715 ertrn
490 2681 565 2732 quam
590 2661 713 2734 supplicio
740 2661 826 2713 effecti
875 2658 942 2728 quod
958 2661 1052 2711 fuerint
1072 2661 1204 2732 fuliginosi
1225 2678 1232 2712 t
1251 2677 1307 2713 nam
1324 2656 1369 2709 sine

292 2769 293 2774 ¹
312 2741 448 2794 facinorosi
459 2761 466 2803 3
481 2753 508 2791 ut
520 2741 548 2791 in
567 2738 611 2790 illo
628 2737 709 2789 Plauti
721 2737 806 2789 Milite
816 2779 823 2798 ,
877 2735 953 2787 dubio
963 2737 989 2788 in
999 2737 1037 2789 his
1046 2750 1071 2788 ct
1079 2737 1138 2810 igne
1147 2737 1245 2791 tintusi
1254 2775 1261 2801 ‚
1270 2749 1297 2789 nt
1305 2732 1370 2803 vulgo

314 2819 359 2882 11,
373 2821 405 2884 4,
418 2817 435 2870 6
446 2835 453 2869 t
463 2839 477 2866 n
486 2816 569 2868 Credo
581 2834 629 2888 ego
637 2815 699 2884 istoc
711 2815 825 2885 exemplo
876 2813 993 2866 solemus.
1005 2817 1045 2865 An
1058 2827 1082 2867 et
1092 2813 1125 2866 ob
1139 2835 1194 2868 earn
1205 2833 1313 2878 cauum,
1322 2810 1370 2880 qui!

313 2895 360 2947 tibi
373 2915 425 2948 esse
438 2893 549 2947 eundum
563 2904 673 2945 actutum
682 2905 749 2944 extra
761 2912 821 2965 pur·
876 2891 902 2942 in
922 2890 962 2943 his
987 2891 1128 2943 meretrices
1153 2889 1287 2962 plurimum
1307 2885 1370 2940 nutis

313 2985 381 3036 tam,
400 2969 527 3042 Dispersis
549 2967 665 3022 manibus
684 2969 824 3040 patibulum
876 2980 947 3019 erant
963 2967 1126 3041 corporibus,
1145 2980 1189 3019 aut
1200 2963 1369 3021 aestivesalteto

314 3069 394 3120 quum
407 3047 519 3101 babebis.
534 3067 548 3094 s
564 3045 633 3099 Alibi
653 3060 708 3097 eam
719 3057 826 3114 portam
876 3045 970 3100 ‘vestitis
984 3045 997 3099 f
1020 3047 1096 3115 Quod
1116 3047 1196 3119 magis
1218 3049 1334 3108 tradam,
1352 3038 1370 3092 εἰ

314 3125 551 3198 Metiamappellat
567 3121 822 3186 :Tacit-Annalll,
875 3124 1014 3177 concedant
1041 3125 1154 3192 eruditi,
1179 3126 1229 3179 hue
1254 3121 1370 3197 respexifle

314 3201 347 3252 32
360 3219 367 3255 t
381 3201 560 3272 Esquilinam.
577 3199 660 3254 Simili
672 3199 769 3252 ratione
780 3219 823 3251 sa·
866 3203 1034 3272 Juvenalem,
1045 3203 1092 3267 vl,
1106 3203 1151 3256 132
1163 3222 1170 3255 s
1181 3226 1194 3253 α
1204 3203 1308 3258 intrarit
1318 3197 1370 3252 eali·

314 3297 384 3331 xum
396 3290 487 3332 vocant
499 3277 635 3344 (Controv.
649 3278 714 3347 seq.)
724 3315 731 3340 ,
745 3295 825 3344 quum
874 3282 934 3334 dum
944 3283 1021 3336 ueteri
1030 3295 1138 3336 centone
1147 3283 1278 3356 lupariam
1286 3278 1370 3334 Schts

314 3357 462 3430 intelligunt
482 3355 631 3425 Tarpeium.
645 3354 743 3408 Scbntt.
907 3359 930 3424 4.
942 3359 1242 3412 Convem'entibns...alr'o
1248 3359 1317 3412 libid.
1322 3371 1369 3424 μη·

349 3456 373 3488 a.
397 3434 594 3504 AErrrgt'nosnm
621 3453 739 3484 mansam.
767 3431 825 3500 Qut
874 3439 1003 3490 deciderit.
1019 3438 1118 3491 Erasini
1132 3433 1370 3492 editiotenit'olt'bt'-

313 3512 463 3568 mendicans
486 3512 600 3586 accepisti
623 3512 720 3583 stipem.
744 3511 825 3582 Stipes
875 3517 1046 3584 dinisgenere
1056 3517 1265 3571 addixerissed
1279 3511 1369 3565 verbnm

315 3589 660 3646 eraotcenece.Vid.Vsrron.
672 3589 702 3640 de
713 3589 741 3640 L.
751 3589 825 3640 1an
874 3593 1006 3644 decidendi
1021 3591 1097 3645 nimis
1118 3593 1217 3666 elegans
1238 3603 1370 3656 est,neq1¹⁶

315 3669 361 3722 fin.
382 3669 488 3720 Sueten.
510 3672 605 3737 Augus.
622 3687 650 3738 9¹
666 3683 697 3715 :n
706 3665 744 3716 Ex
761 3686 825 3718 noe·
874 3667 972 3719 excludi
985 3667 1067 3720 debet.
1079 3671 1202 3736 Interim,
1216 3683 1243 3722 ut
1254 3668 1335 3722 Latina
1343 3661 1370 3713 til

314 3761 390 3802 turno
410 3747 465 3798 visn
485 3744 559 3796 etiam
578 3743 669 3816 stipem
689 3743 824 3813 quotannis
874 3744 1210 3822 oratio,relinge:anrum
1220 3740 1369 3802 conoem'enlt'·

314 3827 355 3880 die
368 3837 435 3878 certo
448 3823 619 3876 emendicabat
635 3843 649 3875 a
663 3822 769 3894 populo,
783 3843 824 3875 ca·
874 3825 931 3877 bus.
944 3824 1002 3886 Vel,
1012 3846 1165 3879 amaneum
1171 3819 1369 3881 messanensibus.

312 3923 371 3957 vam
379 3921 482 3955 manum
492 3920 555 3954 asses
564 3899 750 3972 porrigentibus
759 3920 824 3971 pre·
873 3903 958 3956 Utitur
966 3904 1034 3957 enim
1046 3917 1074 3956 nt
1083 3905 1214 3959 luvenalis
1224 3925 1230 3957 :
1241 3893 1370 3972 «coepiffl‘

314 3983 403 4034 bens.»
424 3978 510 4032 Simili
530 3979 561 4030 de
578 3998 606 4030 re
618 3977 775 4030 Claudianus
791 3977 822 4030 de
872 3980 954 4033 cidere
965 3983 1031 4053 jactu
1044 3981 1110 4035 Cum
1122 3983 1213 4049 ventis,
1223 4006 1236 4032 s
1245 3995 1269 4035 et
1278 3971 1368 4032 Martia-

318 4059 386 4112 rtede
406 4057 506 4110 iluffrni
517 4075 637 4120 narrans,
659 4076 765 4125 eamque
778 4055 822 4107 lu·
871 4059 901 4110 lis
914 4080 920 4113 :
935 4081 948 4106 «
960 4072 983 4114 et
995 4080 1046 4114 non
1057 4061 1187 4113 erituneia
1199 4073 1264 4128 tota,
1277 4047 1369 4109 Deci<¹²⁸

313 4137 396 4189 dibrio
405 4137 549 4202 babilam«
557 4135 664 4186 Dextera
673 4135 735 4205 quin
746 4135 820 4187 etiarn
869 4149 953 4189 tecum
964 4156 1013 4206 qua
1021 4149 1090 4210 pater
1100 4137 1150 4212 ipse
1162 4139 1262 4190 deuiam
1274 4133 1367 4187 ΗΜ·
