<?xml version="1.0" encoding="UTF-8"?>
<!DOCTYPE html PUBLIC "-//W3C//DTD XHTML 1.0 Transitional//EN"
    "http://www.w3.org/TR/xhtml1/DTD/xhtml1-transitional.dtd">
<html xmlns="http://www.w3.org/1999/xhtml" xml:lang="en" lang="en">
 <head>
  <title>
</title>
<meta http-equiv="Content-Type" content="text/html;charset=utf-8" />
  <meta name='ocr-system' content='tesseract 3.04.00' />
  <meta name='ocr-capabilities' content='ocr_page ocr_carea ocr_par ocr_line ocrx_word'/>
</head>
<body>
  <div class='ocr_page' id='page_1' title='image "./lannsenecparspr00bouigoog_0281.png"; bbox 0 0 2842 4812; ppageno 0'>
   <div class='ocr_carea' id='block_1_1' title="bbox 266 488 1163 579">
    <p class='ocr_par' dir='ltr' id='par_1_1' title="bbox 266 488 1163 579">
     <span class='ocr_line' id='line_1_1' title="bbox 266 488 1163 579; baseline -0.01 -16"><span class='ocrx_word' id='word_1_1' title='bbox 266 489 704 563; x_wconf 80' lang='lat' dir='ltr'><strong>CONTROVERSIARUM</strong></span> <span class='ocrx_word' id='word_1_2' title='bbox 728 489 810 555; x_wconf 87' lang='lat' dir='ltr'><strong>LIB.</strong></span> <span class='ocrx_word' id='word_1_3' title='bbox 836 488 906 570; x_wconf 91' lang='lat' dir='ltr'><strong>lll,</strong></span> <span class='ocrx_word' id='word_1_4' title='bbox 938 511 989 578; x_wconf 84' lang='lat'><strong>¹7·</strong></span> <span class='ocrx_word' id='word_1_5' title='bbox 1104 511 1163 579; x_wconf 77' lang='lat'><strong>²7¹</strong></span> 
     </span>
    </p>
   </div>
   <div class='ocr_carea' id='block_1_2' title="bbox 2 614 1172 1528">
    <p class='ocr_par' dir='ltr' id='par_1_2' title="bbox 2 614 1166 714">
     <span class='ocr_line' id='line_1_2' title="bbox 2 614 1166 714; baseline -0.009 -18"><span class='ocrx_word' id='word_1_6' title='bbox 2 690 5 714; x_wconf 80' lang='lat'><strong>,</strong></span> <span class='ocrx_word' id='word_1_7' title='bbox 96 623 312 707; x_wconf 71' lang='lat' dir='ltr'><strong>uiuentibus,</strong></span> <span class='ocrx_word' id='word_1_8' title='bbox 330 621 425 688; x_wconf 90' lang='lat' dir='ltr'><strong>littus</strong></span> <span class='ocrx_word' id='word_1_9' title='bbox 438 619 578 712; x_wconf 83' lang='lat' dir='ltr'><strong>ejectis?</strong></span> <span class='ocrx_word' id='word_1_10' title='bbox 590 614 764 687; x_wconf 78' lang='lat' dir='ltr'><strong>Parricida</strong></span> <span class='ocrx_word' id='word_1_11' title='bbox 783 618 832 684; x_wconf 89' lang='lat' dir='ltr'><strong>sic</strong></span> <span class='ocrx_word' id='word_1_12' title='bbox 845 616 947 683; x_wconf 81' lang='lat' dir='ltr'><strong>etiam</strong></span> <span class='ocrx_word' id='word_1_13' title='bbox 959 614 997 684; x_wconf 83' lang='lat' dir='ltr'><strong>tu&#39;</strong></span> <span class='ocrx_word' id='word_1_14' title='bbox 1010 615 1166 708; x_wconf 72' lang='lat' dir='ltr'><strong>perisset.</strong></span> 
     </span>
    </p>

    <p class='ocr_par' dir='ltr' id='par_1_3' title="bbox 92 730 1172 1184">
     <span class='ocr_line' id='line_1_3' title="bbox 140 730 1172 823; baseline -0.012 -13"><span class='ocrx_word' id='word_1_15' title='bbox 140 743 264 810; x_wconf 81' lang='lat' dir='ltr'><strong>Fonrn</strong></span> <span class='ocrx_word' id='word_1_16' title='bbox 279 735 406 806; x_wconf 63' lang='lat' dir='ltr'><strong>siner.</strong></span> <span class='ocrx_word' id='word_1_17' title='bbox 425 735 502 802; x_wconf 82' lang='lat' dir='ltr'><strong>Non</strong></span> <span class='ocrx_word' id='word_1_18' title='bbox 517 731 717 802; x_wconf 74' lang='lat' dir='ltr'>credidisset</span> <span class='ocrx_word' id='word_1_19' title='bbox 735 731 900 800; x_wconf 82' lang='lat' dir='ltr'><strong>facturum</strong></span> <span class='ocrx_word' id='word_1_20' title='bbox 914 730 1082 823; x_wconf 85' lang='lat' dir='ltr'>Popilium</span> <span class='ocrx_word' id='word_1_21' title='bbox 1097 730 1172 799; x_wconf 82' lang='lat' dir='ltr'><strong>dn-</strong></span> 
     </span>
     <span class='ocr_line' id='line_1_4' title="bbox 94 846 1169 939; baseline -0.008 -14"><span class='ocrx_word' id='word_1_22' title='bbox 94 859 226 937; x_wconf 88' lang='lat' dir='ltr'><strong>tonius,</strong></span> <span class='ocrx_word' id='word_1_23' title='bbox 242 855 313 922; x_wconf 89' lang='lat' dir='ltr'><strong>nisi</strong></span> <span class='ocrx_word' id='word_1_24' title='bbox 328 853 364 919; x_wconf 92' lang='lat' dir='ltr'><strong>in</strong></span> <span class='ocrx_word' id='word_1_25' title='bbox 378 867 524 920; x_wconf 80' lang='lat' dir='ltr'>mentem</span> <span class='ocrx_word' id='word_1_26' title='bbox 542 847 593 916; x_wconf 93' lang='lat' dir='ltr'><strong>illi</strong></span> <span class='ocrx_word' id='word_1_27' title='bbox 607 849 771 933; x_wconf 85' lang='lat' dir='ltr'><strong>venisset,</strong></span> <span class='ocrx_word' id='word_1_28' title='bbox 788 846 884 915; x_wconf 90' lang='lat' dir='ltr'><strong>illum</strong></span> <span class='ocrx_word' id='word_1_29' title='bbox 898 862 934 915; x_wconf 86' lang='lat' dir='ltr'><strong>et</strong></span> <span class='ocrx_word' id='word_1_30' title='bbox 946 847 1169 939; x_wconf 85' lang='lat' dir='ltr'><strong>purricidium</strong></span> 
     </span>
     <span class='ocr_line' id='line_1_5' title="bbox 92 962 1168 1060; baseline -0.007 -20"><span class='ocrx_word' id='word_1_31' title='bbox 92 967 577 1060; x_wconf 78' lang='lat' dir='ltr'><strong>lecisse.Fecinusindignum</strong></span> <span class='ocrx_word' id='word_1_32' title='bbox 587 964 595 1032; x_wconf 87' lang='lat' dir='ltr'><strong>l</strong></span> <span class='ocrx_word' id='word_1_33' title='bbox 605 989 625 1034; x_wconf 88' lang='lat' dir='ltr'><strong>e</strong></span> <span class='ocrx_word' id='word_1_34' title='bbox 637 989 690 1033; x_wconf 87' lang='lat' dir='ltr'><strong>me</strong></span> <span class='ocrx_word' id='word_1_35' title='bbox 702 962 1168 1056; x_wconf 81' lang='lat' dir='ltr'><strong>defenditurCicero¹,quum</strong></span> 
     </span>
     <span class='ocr_line' id='line_1_6' title="bbox 92 1082 628 1184; baseline -0.015 -26"><span class='ocrx_word' id='word_1_36' title='bbox 92 1090 269 1184; x_wconf 78' lang='lat' dir='ltr'><strong>Popilium</strong></span> <span class='ocrx_word' id='word_1_37' title='bbox 286 1087 407 1155; x_wconf 87' lang='lat' dir='ltr'><strong>Cicero</strong></span> <span class='ocrx_word' id='word_1_38' title='bbox 424 1082 628 1152; x_wconf 78' lang='lat' dir='ltr'><strong>defenderit.</strong></span> 
     </span>
    </p>

    <p class='ocr_par' dir='ltr' id='par_1_4' title="bbox 92 1197 1172 1528">
     <span class='ocr_line' id='line_1_7' title="bbox 137 1197 1172 1293; baseline -0.006 -19"><span class='ocrx_word' id='word_1_39' title='bbox 137 1207 336 1274; x_wconf 72' lang='lat' dir='ltr'><strong>Mens-oms.</strong></span> <span class='ocrx_word' id='word_1_40' title='bbox 355 1203 430 1268; x_wconf 92' lang='lat' dir='ltr'><strong>Non</strong></span> <span class='ocrx_word' id='word_1_41' title='bbox 450 1201 558 1293; x_wconf 79' lang='lat' dir='ltr'><strong>magis</strong></span> <span class='ocrx_word' id='word_1_42' title='bbox 577 1199 756 1291; x_wconf 82' lang='lat' dir='ltr'><strong>quisquam</strong></span> <span class='ocrx_word' id='word_1_43' title='bbox 776 1197 864 1266; x_wconf 84' lang='lat' dir='ltr'><strong>nlius</strong></span> <span class='ocrx_word' id='word_1_44' title='bbox 891 1197 1048 1268; x_wconf 89' lang='lat' dir='ltr'><strong>occidere</strong></span> <span class='ocrx_word' id='word_1_45' title='bbox 1070 1201 1172 1270; x_wconf 88' lang='lat' dir='ltr'><strong>Cice·-</strong></span> 
     </span>
     <span class='ocr_line' id='line_1_8' title="bbox 92 1316 1172 1416; baseline -0.006 -23"><span class='ocrx_word' id='word_1_46' title='bbox 92 1347 217 1394; x_wconf 88' lang='lat' dir='ltr'><strong>rnnem</strong></span> <span class='ocrx_word' id='word_1_47' title='bbox 227 1321 340 1416; x_wconf 88' lang='lat' dir='ltr'><strong>potuit</strong></span> <span class='ocrx_word' id='word_1_48' title='bbox 351 1333 474 1413; x_wconf 72' lang='lat' dir='ltr'><strong>preter</strong></span> <span class='ocrx_word' id='word_1_49' title='bbox 484 1316 669 1410; x_wconf 80' lang='lat' dir='ltr'><strong>Popilium,</strong></span> <span class='ocrx_word' id='word_1_50' title='bbox 680 1339 782 1407; x_wconf 82' lang='lat' dir='ltr'><strong>quum</strong></span> <span class='ocrx_word' id='word_1_51' title='bbox 790 1339 891 1384; x_wconf 92' lang='lat' dir='ltr'><strong>nemo</strong></span> <span class='ocrx_word' id='word_1_52' title='bbox 903 1316 1073 1409; x_wconf 84' lang='lat' dir='ltr'><strong>Popilium</strong></span> <span class='ocrx_word' id='word_1_53' title='bbox 1086 1342 1172 1410; x_wconf 74' lang='lat' dir='ltr'><strong>prm·</strong></span> 
     </span>
     <span class='ocr_line' id='line_1_9' title="bbox 92 1431 1171 1528; baseline -0.006 -20"><span class='ocrx_word' id='word_1_54' title='bbox 92 1457 142 1508; x_wconf 88' lang='lat' dir='ltr'><strong>ter</strong></span> <span class='ocrx_word' id='word_1_55' title='bbox 148 1441 359 1524; x_wconf 79' lang='lat' dir='ltr'><strong>Ciceronem</strong></span> <span class='ocrx_word' id='word_1_56' title='bbox 369 1432 553 1502; x_wconf 78' lang='lat' dir='ltr'><strong>defendere</strong></span> <span class='ocrx_word' id='word_1_57' title='bbox 568 1461 577 1519; x_wconf 80' lang='lat'><em>3</em></span> <span class='ocrx_word' id='word_1_58' title='bbox 590 1431 797 1526; x_wconf 81' lang='lat' dir='ltr'><strong>purrioidum</strong></span> <span class='ocrx_word' id='word_1_59' title='bbox 809 1454 911 1524; x_wconf 90' lang='lat' dir='ltr'><strong>quem</strong></span> <span class='ocrx_word' id='word_1_60' title='bbox 923 1434 1019 1501; x_wconf 85' lang='lat' dir='ltr'><strong>vivus</strong></span> <span class='ocrx_word' id='word_1_61' title='bbox 1032 1436 1171 1528; x_wconf 75' lang='lat' dir='ltr'><strong>negavit</strong></span> 
     </span>
    </p>
   </div>
   <div class='ocr_carea' id='block_1_3' title="bbox 92 1545 1291 1637">
    <p class='ocr_par' dir='ltr' id='par_1_5' title="bbox 92 1545 1291 1637">
     <span class='ocr_line' id='line_1_10' title="bbox 92 1545 1291 1637; baseline -0.008 -11"><span class='ocrx_word' id='word_1_62' title='bbox 92 1557 243 1637; x_wconf 79' lang='lat' dir='ltr'><strong>Cicero,</strong></span> <span class='ocrx_word' id='word_1_63' title='bbox 260 1553 393 1621; x_wconf 85' lang='lat' dir='ltr'><strong>occisus</strong></span> <span class='ocrx_word' id='word_1_64' title='bbox 406 1545 565 1618; x_wconf 74' lang='lat' dir='ltr'><strong>ostendit.</strong></span> <span class='ocrx_word' id='word_1_65' title='bbox 584 1550 770 1616; x_wconf 82' lang='lat' dir='ltr'><strong>Fortunam</strong></span> <span class='ocrx_word' id='word_1_66' title='bbox 787 1545 986 1617; x_wconf 88' lang='lat' dir='ltr'><strong>Ciceronis!</strong></span> <span class='ocrx_word' id='word_1_67' title='bbox 1003 1547 1173 1621; x_wconf 79' lang='lat' dir='ltr'><strong>Antonius</strong></span> <span class='ocrx_word' id='word_1_68' title='bbox 1286 1585 1291 1597; x_wconf 94' lang='lat'><em>·</em></span> 
     </span>
    </p>
   </div>
   <div class='ocr_carea' id='block_1_4' title="bbox 1 1663 1222 3623">
    <p class='ocr_par' dir='ltr' id='par_1_6' title="bbox 37 1663 1174 2204">
     <span class='ocr_line' id='line_1_11' title="bbox 92 1663 1170 1762; baseline -0.005 -24"><span class='ocrx_word' id='word_1_69' title='bbox 92 1672 191 1742; x_wconf 90' lang='lat' dir='ltr'><strong>illum</strong></span> <span class='ocrx_word' id='word_1_70' title='bbox 215 1667 440 1762; x_wconf 73' lang='lat' dir='ltr'><strong>proscripsit,</strong></span> <span class='ocrx_word' id='word_1_71' title='bbox 460 1666 521 1758; x_wconf 78' lang='lat' dir='ltr'><strong>qui</strong></span> <span class='ocrx_word' id='word_1_72' title='bbox 544 1679 721 1733; x_wconf 79' lang='lat' dir='ltr'><strong>accusatus</strong></span> <span class='ocrx_word' id='word_1_73' title='bbox 744 1681 794 1733; x_wconf 84' lang='lat' dir='ltr'><strong>est</strong></span> <span class='ocrx_word' id='word_1_74' title='bbox 808 1663 830 1733; x_wconf 71' lang='lat'><strong>·.&#39;</strong></span> <span class='ocrx_word' id='word_1_75' title='bbox 848 1664 1000 1757; x_wconf 83' lang='lat' dir='ltr'><strong>Popilius</strong></span> <span class='ocrx_word' id='word_1_76' title='bbox 1017 1665 1170 1751; x_wconf 87' lang='lat' dir='ltr'><strong>occidit,</strong></span> 
     </span>
     <span class='ocr_line' id='line_1_12' title="bbox 93 1779 1172 1880; baseline -0.003 -26"><span class='ocrx_word' id='word_1_77' title='bbox 93 1788 152 1880; x_wconf 83' lang='lat' dir='ltr'><strong>qui</strong></span> <span class='ocrx_word' id='word_1_78' title='bbox 181 1783 347 1853; x_wconf 81' lang='lat' dir='ltr'><strong>defensus</strong></span> <span class='ocrx_word' id='word_1_79' title='bbox 367 1797 431 1849; x_wconf 89' lang='lat' dir='ltr'><strong>est.</strong></span> <span class='ocrx_word' id='word_1_80' title='bbox 451 1781 488 1850; x_wconf 85' lang='lat' dir='ltr'><strong>si</strong></span> <span class='ocrx_word' id='word_1_81' title='bbox 506 1779 682 1849; x_wconf 78' lang='lat' dir='ltr'><strong>damnatus</strong></span> <span class='ocrx_word' id='word_1_82' title='bbox 701 1804 816 1862; x_wconf 86' lang='lat' dir='ltr'><strong>esses,</strong></span> <span class='ocrx_word' id='word_1_83' title='bbox 841 1781 991 1850; x_wconf 79' lang='lat' dir='ltr'><strong>carnifex</strong></span> <span class='ocrx_word' id='word_1_84' title='bbox 1018 1797 1052 1850; x_wconf 91' lang='lat' dir='ltr'><strong>te</strong></span> <span class='ocrx_word' id='word_1_85' title='bbox 1076 1782 1172 1852; x_wconf 89' lang='lat' dir='ltr'><strong>culeo</strong></span> 
     </span>
     <span class='ocr_line' id='line_1_13' title="bbox 93 1893 1174 1990; baseline -0.002 -20"><span class='ocrx_word' id='word_1_86' title='bbox 93 1917 205 1972; x_wconf 90' lang='lat' dir='ltr'><strong>totum</strong></span> <span class='ocrx_word' id='word_1_87' title='bbox 219 1900 394 1968; x_wconf 81' lang='lat' dir='ltr'><strong>insuisses.</strong></span> <span class='ocrx_word' id='word_1_88' title='bbox 407 1895 514 1965; x_wconf 82' lang='lat' dir='ltr'><strong>Video</strong></span> <span class='ocrx_word' id='word_1_89' title='bbox 528 1896 614 1988; x_wconf 91' lang='lat' dir='ltr'><strong>quid</strong></span> <span class='ocrx_word' id='word_1_90' title='bbox 626 1893 831 1990; x_wconf 80' lang='lat' dir='ltr'><strong>respondent</strong></span> <span class='ocrx_word' id='word_1_91' title='bbox 849 1923 857 1962; x_wconf 90' lang='lat'><strong>:</strong></span> <span class='ocrx_word' id='word_1_92' title='bbox 875 1899 953 1964; x_wconf 86' lang='lat' dir='ltr'><strong>Non</strong></span> <span class='ocrx_word' id='word_1_93' title='bbox 971 1897 1088 1967; x_wconf 82' lang='lat' dir='ltr'><strong>credet</strong></span> <span class='ocrx_word' id='word_1_94' title='bbox 1102 1899 1174 1968; x_wconf 83' lang='lat' dir='ltr'><strong>An-</strong></span> 
     </span>
     <span class='ocr_line' id='line_1_14' title="bbox 37 2012 1168 2120; baseline -0.004 -32"><span class='ocrx_word' id='word_1_95' title='bbox 37 2105 41 2120; x_wconf 40' lang='lat'>·</span> <span class='ocrx_word' id='word_1_96' title='bbox 91 2021 210 2088; x_wconf 88' lang='lat' dir='ltr'><strong>tonius</strong></span> <span class='ocrx_word' id='word_1_97' title='bbox 235 2018 384 2086; x_wconf 88' lang='lat' dir='ltr'><strong>occisum</strong></span> <span class='ocrx_word' id='word_1_98' title='bbox 409 2012 611 2084; x_wconf 81' lang='lat' dir='ltr'><strong>Ciceronem</strong></span> <span class='ocrx_word' id='word_1_99' title='bbox 641 2013 817 2106; x_wconf 85' lang='lat' dir='ltr'><strong>nPopilio</strong></span> <span class='ocrx_word' id='word_1_100' title='bbox 829 2062 841 2097; x_wconf 95' lang='lat'><strong>,</strong></span> <span class='ocrx_word' id='word_1_101' title='bbox 877 2013 945 2082; x_wconf 89' lang='lat' dir='ltr'><strong>uisi</strong></span> <span class='ocrx_word' id='word_1_102' title='bbox 973 2014 1006 2082; x_wconf 88' lang='lat' dir='ltr'><strong>ei</strong></span> <span class='ocrx_word' id='word_1_103' title='bbox 1034 2015 1168 2109; x_wconf 79' lang='lat' dir='ltr'><strong>signum</strong></span> 
     </span>
     <span class='ocr_line' id='line_1_15' title="bbox 92 2133 263 2204; baseline -0.018 -2"><span class='ocrx_word' id='word_1_104' title='bbox 92 2133 263 2204; x_wconf 76' lang='lat' dir='ltr'><strong>attuleris.</strong></span> 
     </span>
    </p>

    <p class='ocr_par' dir='ltr' id='par_1_7' title="bbox 1 2241 1171 2691">
     <span class='ocr_line' id='line_1_16' title="bbox 138 2241 1168 2338; baseline 0 -23"><span class='ocrx_word' id='word_1_105' title='bbox 138 2249 293 2316; x_wconf 61' lang='lat' dir='ltr'><strong>Tuum.</strong></span> <span class='ocrx_word' id='word_1_106' title='bbox 326 2245 452 2313; x_wconf 78' lang='lat' dir='ltr'><strong>Praestu</strong></span> <span class='ocrx_word' id='word_1_107' title='bbox 477 2243 636 2313; x_wconf 80' lang='lat' dir='ltr'><strong>Ciceroni</strong></span> <span class='ocrx_word' id='word_1_108' title='bbox 658 2241 749 2334; x_wconf 88' lang='lat' dir='ltr'><strong>quod</strong></span> <span class='ocrx_word' id='word_1_109' title='bbox 776 2243 962 2338; x_wconf 84' lang='lat' dir='ltr'><strong>propinqui</strong></span> <span class='ocrx_word' id='word_1_110' title='bbox 990 2244 1168 2333; x_wconf 82' lang='lat' dir='ltr'><strong>Cutilinae,</strong></span> 
     </span>
     <span class='ocr_line' id='line_1_17' title="bbox 1 2359 1171 2457; baseline 0.002 -26"><span class='ocrx_word' id='word_1_111' title='bbox 1 2359 2 2364; x_wconf 66' lang='grc'>’</span> <span class='ocrx_word' id='word_1_112' title='bbox 93 2361 189 2457; x_wconf 85' lang='lat' dir='ltr'><strong>quod</strong></span> <span class='ocrx_word' id='word_1_113' title='bbox 206 2363 307 2430; x_wconf 82' lang='lat' dir='ltr'><strong>amici</strong></span> <span class='ocrx_word' id='word_1_114' title='bbox 329 2361 430 2430; x_wconf 85' lang='lat' dir='ltr'><strong>Verri</strong></span> <span class='ocrx_word' id='word_1_115' title='bbox 443 2359 687 2454; x_wconf 71' lang='lat' dir='ltr'><strong>prestiterunt.</strong></span> <span class='ocrx_word' id='word_1_116' title='bbox 703 2360 932 2452; x_wconf 80' lang='lat' dir='ltr'><strong>Proscriptum</strong></span> <span class='ocrx_word' id='word_1_117' title='bbox 947 2363 1066 2429; x_wconf 80' lang='lat' dir='ltr'><strong>transi.</strong></span> <span class='ocrx_word' id='word_1_118' title='bbox 1084 2366 1136 2432; x_wconf 88' lang='lat' dir='ltr'><strong>Ne</strong></span> <span class='ocrx_word' id='word_1_119' title='bbox 1150 2389 1171 2432; x_wconf 86' lang='lat' dir='ltr'><strong>n</strong></span> 
     </span>
     <span class='ocr_line' id='line_1_18' title="bbox 1 2463 1165 2574; baseline -0.004 -21"><span class='ocrx_word' id='word_1_120' title='bbox 1 2465 2 2553; x_wconf 81' lang='lat' dir='ltr'><strong>l</strong></span> <span class='ocrx_word' id='word_1_121' title='bbox 92 2495 232 2552; x_wconf 88' lang='lat' dir='ltr'><strong>mortuo</strong></span> <span class='ocrx_word' id='word_1_122' title='bbox 247 2479 386 2572; x_wconf 84' lang='lat' dir='ltr'><strong>quidem</strong></span> <span class='ocrx_word' id='word_1_123' title='bbox 399 2463 518 2547; x_wconf 81' lang='lat' dir='ltr'><strong>munus</strong></span> <span class='ocrx_word' id='word_1_124' title='bbox 530 2477 678 2548; x_wconf 76' lang='lat' dir='ltr'><strong>abstinet</strong></span> <span class='ocrx_word' id='word_1_125' title='bbox 687 2527 698 2562; x_wconf 92' lang='lat'>‚</span> <span class='ocrx_word' id='word_1_126' title='bbox 714 2476 840 2544; x_wconf 81' lang='lat' dir='ltr'><strong>laceret</strong></span> <span class='ocrx_word' id='word_1_127' title='bbox 858 2477 1018 2546; x_wconf 88' lang='lat' dir='ltr'><strong>occisum.</strong></span> <span class='ocrx_word' id='word_1_128' title='bbox 1034 2481 1165 2574; x_wconf 79' lang='lat' dir='ltr'><strong>Popili,</strong></span> 
     </span>
     <span class='ocr_line' id='line_1_19' title="bbox 92 2594 750 2691; baseline -0.011 -23"><span class='ocrx_word' id='word_1_129' title='bbox 92 2599 160 2668; x_wconf 78' lang='lat' dir='ltr'><strong>hoo</strong></span> <span class='ocrx_word' id='word_1_130' title='bbox 175 2594 400 2691; x_wconf 79' lang='lat' dir='ltr'><strong>parricidium</strong></span> <span class='ocrx_word' id='word_1_131' title='bbox 419 2595 555 2663; x_wconf 89' lang='lat' dir='ltr'><strong>tertium</strong></span> <span class='ocrx_word' id='word_1_132' title='bbox 573 2610 669 2662; x_wconf 89' lang='lat' dir='ltr'><strong>tuum</strong></span> <span class='ocrx_word' id='word_1_133' title='bbox 686 2610 750 2662; x_wconf 85' lang='lat' dir='ltr'><strong>est.</strong></span> 
     </span>
    </p>

    <p class='ocr_par' dir='ltr' id='par_1_8' title="bbox 92 2707 1170 2924">
     <span class='ocr_line' id='line_1_20' title="bbox 95 2707 1170 2803; baseline -0.003 -20"><span class='ocrx_word' id='word_1_134' title='bbox 95 2758 98 2766; x_wconf 87' lang='lat'><strong>·</strong></span> <span class='ocrx_word' id='word_1_135' title='bbox 138 2717 289 2783; x_wconf 78' lang='lat' dir='ltr'><strong>Pomm</strong></span> <span class='ocrx_word' id='word_1_136' title='bbox 299 2712 447 2781; x_wconf 83' lang='lat' dir='ltr'><strong>Smoms.</strong></span> <span class='ocrx_word' id='word_1_137' title='bbox 458 2707 633 2802; x_wconf 87' lang='lat' dir='ltr'><strong>Numquid</strong></span> <span class='ocrx_word' id='word_1_138' title='bbox 643 2710 751 2803; x_wconf 78' lang='lat' dir='ltr'><strong>magis</strong></span> <span class='ocrx_word' id='word_1_139' title='bbox 763 2729 949 2778; x_wconf 78' lang='lat' dir='ltr'><strong>exonerare</strong></span> <span class='ocrx_word' id='word_1_140' title='bbox 960 2723 993 2777; x_wconf 86' lang='lat' dir='ltr'><strong>te</strong></span> <span class='ocrx_word' id='word_1_141' title='bbox 1008 2731 1140 2802; x_wconf 89' lang='lat' dir='ltr'><strong>possum</strong></span> <span class='ocrx_word' id='word_1_142' title='bbox 1154 2715 1170 2780; x_wconf 77' lang='lat' dir='ltr'><strong>i</strong></span> 
     </span>
     <span class='ocr_line' id='line_1_21' title="bbox 92 2825 695 2924; baseline -0.01 -24"><span class='ocrx_word' id='word_1_143' title='bbox 92 2845 216 2924; x_wconf 70' lang='lat' dir='ltr'><strong>ptmstu</strong></span> <span class='ocrx_word' id='word_1_144' title='bbox 232 2827 397 2896; x_wconf 85' lang='lat' dir='ltr'><strong>Ciceroni</strong></span> <span class='ocrx_word' id='word_1_145' title='bbox 409 2825 501 2918; x_wconf 88' lang='lat' dir='ltr'><strong>quod</strong></span> <span class='ocrx_word' id='word_1_146' title='bbox 515 2825 695 2894; x_wconf 85' lang='lat' dir='ltr'><strong>Antonius.</strong></span> 
     </span>
    </p>

    <p class='ocr_par' dir='ltr' id='par_1_9' title="bbox 92 2942 1222 3274">
     <span class='ocr_line' id='line_1_22' title="bbox 140 2942 1167 3035; baseline -0.001 -19"><span class='ocrx_word' id='word_1_147' title='bbox 140 2947 309 3016; x_wconf 72' lang='lat' dir='ltr'><strong>Comen</strong></span> <span class='ocrx_word' id='word_1_148' title='bbox 321 2945 473 3012; x_wconf 72' lang='lat' dir='ltr'><strong>limem.</strong></span> <span class='ocrx_word' id='word_1_149' title='bbox 488 2942 553 3011; x_wconf 80' lang='lat' dir='ltr'><strong>nic</strong></span> <span class='ocrx_word' id='word_1_150' title='bbox 566 2942 713 3011; x_wconf 83' lang='lat' dir='ltr'><strong>Antonio</strong></span> <span class='ocrx_word' id='word_1_151' title='bbox 729 2970 737 3010; x_wconf 91' lang='lat'>:</span> <span class='ocrx_word' id='word_1_152' title='bbox 751 2945 822 3035; x_wconf 77' lang='lat' dir='ltr'><strong>Ego</strong></span> <span class='ocrx_word' id='word_1_153' title='bbox 834 2942 924 3011; x_wconf 79' lang='lat' dir='ltr'><strong>istud</strong></span> <span class='ocrx_word' id='word_1_154' title='bbox 935 2944 1045 3013; x_wconf 84' lang='lat' dir='ltr'><strong>scelus</strong></span> <span class='ocrx_word' id='word_1_155' title='bbox 1056 2945 1167 3015; x_wconf 83' lang='lat' dir='ltr'><strong>lucere</strong></span> 
     </span>
     <span class='ocr_line' id='line_1_23' title="bbox 92 3057 1163 3158; baseline 0.005 -29"><span class='ocrx_word' id='word_1_156' title='bbox 92 3083 246 3158; x_wconf 87' lang='lat' dir='ltr'><strong>possum,</strong></span> <span class='ocrx_word' id='word_1_157' title='bbox 265 3077 302 3130; x_wconf 90' lang='lat' dir='ltr'><strong>et</strong></span> <span class='ocrx_word' id='word_1_158' title='bbox 316 3075 446 3154; x_wconf 83' lang='lat' dir='ltr'><strong>petrem</strong></span> <span class='ocrx_word' id='word_1_159' title='bbox 462 3057 586 3130; x_wconf 89' lang='lat' dir='ltr'><strong>occidi.</strong></span> <span class='ocrx_word' id='word_1_160' title='bbox 602 3060 720 3130; x_wconf 83' lang='lat' dir='ltr'><strong>Securi</strong></span> <span class='ocrx_word' id='word_1_161' title='bbox 738 3077 835 3130; x_wconf 88' lang='lat' dir='ltr'><strong>erunt</strong></span> <span class='ocrx_word' id='word_1_162' title='bbox 849 3063 949 3131; x_wconf 79' lang='lat' dir='ltr'><strong>amici</strong></span> <span class='ocrx_word' id='word_1_163' title='bbox 967 3062 1163 3151; x_wconf 84' lang='lat' dir='ltr'><strong>Ciceronis,</strong></span> 
     </span>
     <span class='ocr_line' id='line_1_24' title="bbox 93 3169 1222 3274; baseline -0.005 -24"><span class='ocrx_word' id='word_1_164' title='bbox 93 3195 274 3274; x_wconf 79' lang='lat' dir='ltr'><strong>pootqsmm</strong></span> <span class='ocrx_word' id='word_1_165' title='bbox 286 3177 330 3246; x_wconf 83' lang='lat' dir='ltr'><strong>ad</strong></span> <span class='ocrx_word' id='word_1_166' title='bbox 342 3175 438 3246; x_wconf 89' lang='lat' dir='ltr'><strong>illum</strong></span> <span class='ocrx_word' id='word_1_167' title='bbox 450 3175 604 3270; x_wconf 87' lang='lat' dir='ltr'><strong>Popilius</strong></span> <span class='ocrx_word' id='word_1_168' title='bbox 615 3178 737 3245; x_wconf 90' lang='lat' dir='ltr'><strong>missus</strong></span> <span class='ocrx_word' id='word_1_169' title='bbox 753 3194 815 3246; x_wconf 87' lang='lat' dir='ltr'><strong>est.</strong></span> <span class='ocrx_word' id='word_1_170' title='bbox 1220 3169 1222 3174; x_wconf 69' lang='grc'><strong>’</strong></span> 
     </span>
    </p>

    <p class='ocr_par' dir='ltr' id='par_1_10' title="bbox 93 3291 1170 3623">
     <span class='ocr_line' id='line_1_25' title="bbox 143 3291 1168 3365; baseline 0 0"><span class='ocrx_word' id='word_1_171' title='bbox 143 3296 289 3365; x_wconf 76' lang='lat' dir='ltr'><strong>Auum</strong></span> <span class='ocrx_word' id='word_1_172' title='bbox 305 3295 404 3360; x_wconf 79' lang='lat' dir='ltr'><strong>Fusci</strong></span> <span class='ocrx_word' id='word_1_173' title='bbox 420 3317 543 3360; x_wconf 70' lang='lat' dir='ltr'><strong>rums.</strong></span> <span class='ocrx_word' id='word_1_174' title='bbox 559 3293 701 3362; x_wconf 86' lang='lat' dir='ltr'><strong>Potuisti</strong></span> <span class='ocrx_word' id='word_1_175' title='bbox 719 3291 917 3362; x_wconf 87' lang='lat' dir='ltr'><strong>Ciceronem</strong></span> <span class='ocrx_word' id='word_1_176' title='bbox 933 3296 1116 3365; x_wconf 81' lang='lat' dir='ltr'><strong>occidere?</strong></span> <span class='ocrx_word' id='word_1_177' title='bbox 1133 3316 1168 3365; x_wconf 81' lang='lat' dir='ltr'><strong>at</strong></span> 
     </span>
     <span class='ocr_line' id='line_1_26' title="bbox 94 3407 1170 3504; baseline 0.003 -26"><span class='ocrx_word' id='word_1_178' title='bbox 94 3434 196 3504; x_wconf 87' lang='lat' dir='ltr'><strong>quum</strong></span> <span class='ocrx_word' id='word_1_179' title='bbox 217 3407 307 3476; x_wconf 86' lang='lat' dir='ltr'><strong>bene</strong></span> <span class='ocrx_word' id='word_1_180' title='bbox 324 3423 536 3502; x_wconf 82' lang='lat' dir='ltr'><strong>persuaserat</strong></span> <span class='ocrx_word' id='word_1_181' title='bbox 552 3408 652 3476; x_wconf 91' lang='lat' dir='ltr'><strong>nobis</strong></span> <span class='ocrx_word' id='word_1_182' title='bbox 668 3408 810 3493; x_wconf 89' lang='lat' dir='ltr'><strong>Cicero,</strong></span> <span class='ocrx_word' id='word_1_183' title='bbox 831 3409 1052 3502; x_wconf 86' lang='lat' dir='ltr'><strong>parricidium</strong></span> <span class='ocrx_word' id='word_1_184' title='bbox 1069 3429 1101 3481; x_wconf 91' lang='lat' dir='ltr'><strong>te</strong></span> <span class='ocrx_word' id='word_1_185' title='bbox 1115 3414 1170 3482; x_wconf 78' lang='lat' dir='ltr'><strong>fe·</strong></span> 
     </span>
     <span class='ocr_line' id='line_1_27' title="bbox 93 3521 1166 3623; baseline 0.004 -27"><span class='ocrx_word' id='word_1_186' title='bbox 93 3551 174 3596; x_wconf 87' lang='lat' dir='ltr'><strong>cere</strong></span> <span class='ocrx_word' id='word_1_187' title='bbox 204 3549 274 3594; x_wconf 90' lang='lat' dir='ltr'><strong>non</strong></span> <span class='ocrx_word' id='word_1_188' title='bbox 303 3521 423 3618; x_wconf 87' lang='lat' dir='ltr'><strong>posse!</strong></span> <span class='ocrx_word' id='word_1_189' title='bbox 447 3524 613 3594; x_wconf 83' lang='lat' dir='ltr'><strong>Occidisti</strong></span> <span class='ocrx_word' id='word_1_190' title='bbox 634 3542 669 3593; x_wconf 90' lang='lat' dir='ltr'><strong>tu</strong></span> <span class='ocrx_word' id='word_1_191' title='bbox 687 3525 888 3595; x_wconf 87' lang='lat' dir='ltr'><strong>Ciceronem</strong></span> <span class='ocrx_word' id='word_1_192' title='bbox 917 3529 1166 3623; x_wconf 80' lang='lat' dir='ltr'><strong>&#39;loquenteml</strong></span> 
     </span>
    </p>
   </div>
   <div class='ocr_carea' id='block_1_5' title="bbox 94 3715 1227 4339">
    <p class='ocr_par' dir='ltr' id='par_1_11' title="bbox 94 3715 1227 4181">
     <span class='ocr_line' id='line_1_28' title="bbox 94 3715 1167 3794; baseline 0.007 -24"><span class='ocrx_word' id='word_1_193' title='bbox 94 3715 320 3788; x_wconf 67' lang='lat' dir='ltr'><strong>tioneprolltsrio</strong></span> <span class='ocrx_word' id='word_1_194' title='bbox 331 3715 452 3768; x_wconf 77' lang='lat' dir='ltr'><strong>Amerino</strong></span> <span class='ocrx_word' id='word_1_195' title='bbox 464 3715 608 3789; x_wconf 61' lang='lat' dir='ltr'><strong>exscriptum</strong></span> <span class='ocrx_word' id='word_1_196' title='bbox 659 3717 725 3770; x_wconf 80' lang='lat' dir='ltr'><strong>nihil</strong></span> <span class='ocrx_word' id='word_1_197' title='bbox 741 3719 824 3772; x_wconf 86' lang='lat' dir='ltr'><strong>minut</strong></span> <span class='ocrx_word' id='word_1_198' title='bbox 842 3721 929 3774; x_wconf 72' lang='lat' dir='ltr'><strong>deeset</strong></span> <span class='ocrx_word' id='word_1_199' title='bbox 941 3723 1073 3792; x_wconf 83' lang='lat' dir='ltr'><strong>clientem,</strong></span> <span class='ocrx_word' id='word_1_200' title='bbox 1090 3745 1167 3794; x_wconf 76' lang='lat' dir='ltr'><strong>quam</strong></span> 
     </span>
     <span class='ocr_line' id='line_1_29' title="bbox 95 3794 1168 3872; baseline 0.005 -23"><span class='ocrx_word' id='word_1_201' title='bbox 95 3795 191 3867; x_wconf 85' lang='lat' dir='ltr'><strong>dequo</strong></span> <span class='ocrx_word' id='word_1_202' title='bbox 204 3795 268 3867; x_wconf 83' lang='lat' dir='ltr'><strong>quid</strong></span> <span class='ocrx_word' id='word_1_203' title='bbox 285 3795 338 3868; x_wconf 82' lang='lat' dir='ltr'><strong>ipse</strong></span> <span class='ocrx_word' id='word_1_204' title='bbox 348 3794 453 3847; x_wconf 83' lang='lat' dir='ltr'><strong>senserit</strong></span> <span class='ocrx_word' id='word_1_205' title='bbox 461 3814 542 3856; x_wconf 80' lang='lat' dir='ltr'><strong>senex,</strong></span> <span class='ocrx_word' id='word_1_206' title='bbox 553 3795 611 3848; x_wconf 84' lang='lat' dir='ltr'><strong>vide</strong></span> <span class='ocrx_word' id='word_1_207' title='bbox 658 3814 855 3850; x_wconf 79' lang='lat' dir='ltr'><strong>sccussresuum</strong></span> <span class='ocrx_word' id='word_1_208' title='bbox 864 3812 1008 3869; x_wconf 77' lang='lat' dir='ltr'><strong>petronam,</strong></span> <span class='ocrx_word' id='word_1_209' title='bbox 1017 3823 1031 3854; x_wconf 80' lang='grc' dir='ltr'>ι</span> <span class='ocrx_word' id='word_1_210' title='bbox 1039 3821 1089 3872; x_wconf 87' lang='lat' dir='ltr'><strong>quo</strong></span> <span class='ocrx_word' id='word_1_211' title='bbox 1098 3802 1168 3854; x_wconf 85' lang='lat' dir='ltr'><strong>dsm·</strong></span> 
     </span>
     <span class='ocr_line' id='line_1_30' title="bbox 96 3872 1170 3950; baseline 0.004 -23"><span class='ocrx_word' id='word_1_212' title='bbox 96 3872 149 3942; x_wconf 72' lang='lat' dir='ltr'><strong>tius</strong></span> <span class='ocrx_word' id='word_1_213' title='bbox 158 3874 309 3940; x_wconf 72' lang='lat' dir='ltr'><strong>Oratorem,</strong></span> <span class='ocrx_word' id='word_1_214' title='bbox 320 3883 344 3924; x_wconf 89' lang='lat' dir='ltr'><strong>et</strong></span> <span class='ocrx_word' id='word_1_215' title='bbox 355 3873 557 3941; x_wconf 80' lang='lat' dir='ltr'><strong>Quintilianum,</strong></span> <span class='ocrx_word' id='word_1_216' title='bbox 567 3873 611 3926; x_wconf 79' lang='lat' dir='ltr'><strong>lib.</strong></span> <span class='ocrx_word' id='word_1_217' title='bbox 660 3873 757 3926; x_wconf 77' lang='lat' dir='ltr'><strong>nationi</strong></span> <span class='ocrx_word' id='word_1_218' title='bbox 775 3886 799 3928; x_wconf 87' lang='lat' dir='ltr'><strong>et</strong></span> <span class='ocrx_word' id='word_1_219' title='bbox 814 3876 891 3928; x_wconf 88' lang='lat' dir='ltr'><strong>morti</strong></span> <span class='ocrx_word' id='word_1_220' title='bbox 908 3877 1057 3950; x_wconf 70' lang='lat' dir='ltr'><strong>turpissime</strong></span> <span class='ocrx_word' id='word_1_221' title='bbox 1070 3877 1102 3931; x_wconf 86' lang='lat' dir='ltr'><strong>sit</strong></span> <span class='ocrx_word' id='word_1_222' title='bbox 1117 3899 1170 3931; x_wconf 86' lang='lat' dir='ltr'><strong>sre-</strong></span> 
     </span>
     <span class='ocr_line' id='line_1_31' title="bbox 94 3949 1168 4026; baseline 0.004 -24"><span class='ocrx_word' id='word_1_223' title='bbox 94 3950 156 4016; x_wconf 85' lang='lat' dir='ltr'><strong>llll,</strong></span> <span class='ocrx_word' id='word_1_224' title='bbox 167 3951 219 4004; x_wconf 72' lang='lat' dir='ltr'><strong>ed.</strong></span> <span class='ocrx_word' id='word_1_225' title='bbox 233 3952 266 4003; x_wconf 69' lang='lat' dir='ltr'><strong>lit</strong></span> <span class='ocrx_word' id='word_1_226' title='bbox 276 3969 337 4003; x_wconf 74' lang='lat' dir='ltr'><strong>stne</strong></span> <span class='ocrx_word' id='word_1_227' title='bbox 345 3949 439 4003; x_wconf 89' lang='lat' dir='ltr'><strong>mirum</strong></span> <span class='ocrx_word' id='word_1_228' title='bbox 450 3950 561 4004; x_wconf 82' lang='lat' dir='ltr'><strong>Cestium</strong></span> <span class='ocrx_word' id='word_1_229' title='bbox 573 3951 611 4003; x_wconf 90' lang='lat' dir='ltr'><strong>in·</strong></span> <span class='ocrx_word' id='word_1_230' title='bbox 661 3960 724 4024; x_wconf 73' lang='lat' dir='ltr'><strong>ptus</strong></span> <span class='ocrx_word' id='word_1_231' title='bbox 744 3951 820 4003; x_wconf 81' lang='lat' dir='ltr'><strong>Unde</strong></span> <span class='ocrx_word' id='word_1_232' title='bbox 839 3963 905 4026; x_wconf 76' lang='lat' dir='ltr'><strong>petet</strong></span> <span class='ocrx_word' id='word_1_233' title='bbox 922 3954 1036 4026; x_wconf 82' lang='lat' dir='ltr'><strong>pessimis</strong></span> <span class='ocrx_word' id='word_1_234' title='bbox 1055 3953 1168 4006; x_wconf 85' lang='lat' dir='ltr'><strong>moribus</strong></span> 
     </span>
     <span class='ocr_line' id='line_1_32' title="bbox 95 4018 1168 4102; baseline 0.002 -20"><span class='ocrx_word' id='word_1_235' title='bbox 95 4028 267 4082; x_wconf 76' lang='lat' dir='ltr'><strong>lentissimum</strong></span> <span class='ocrx_word' id='word_1_236' title='bbox 281 4027 416 4093; x_wconf 83' lang='lat' dir='ltr'><strong>Ciceroni,</strong></span> <span class='ocrx_word' id='word_1_237' title='bbox 434 4027 466 4082; x_wconf 78' lang='lat' dir='ltr'><strong>sl&gt;</strong></span> <span class='ocrx_word' id='word_1_238' title='bbox 483 4047 514 4081; x_wconf 81' lang='lat' dir='ltr'><strong>eo</strong></span> <span class='ocrx_word' id='word_1_239' title='bbox 526 4040 610 4080; x_wconf 81' lang='lat' dir='ltr'><strong>temen</strong></span> <span class='ocrx_word' id='word_1_240' title='bbox 660 4027 787 4102; x_wconf 86' lang='lat' dir='ltr'><strong>Popilium</strong></span> <span class='ocrx_word' id='word_1_241' title='bbox 809 4029 942 4102; x_wconf 68' lang='lat' dir='ltr'><strong>preditum</strong></span> <span class='ocrx_word' id='word_1_242' title='bbox 962 4018 1168 4084; x_wconf 70' lang='lat' dir='ltr'><strong>vivere&#39;sctnlt.</strong></span> 
     </span>
     <span class='ocr_line' id='line_1_33' title="bbox 95 4107 1227 4181; baseline 0 -19"><span class='ocrx_word' id='word_1_243' title='bbox 95 4109 163 4163; x_wconf 70' lang='lat' dir='ltr'><strong>lunc</strong></span> <span class='ocrx_word' id='word_1_244' title='bbox 174 4107 327 4162; x_wconf 75' lang='lat' dir='ltr'><strong>sententium</strong></span> <span class='ocrx_word' id='word_1_245' title='bbox 338 4119 489 4161; x_wconf 77' lang='lat' dir='ltr'><strong>mutuatum.</strong></span> <span class='ocrx_word' id='word_1_246' title='bbox 502 4107 536 4160; x_wconf 87' lang='lat' dir='ltr'><strong>N.</strong></span> <span class='ocrx_word' id='word_1_247' title='bbox 548 4109 611 4161; x_wconf 73' lang='lat' dir='ltr'><strong>Fan.</strong></span> <span class='ocrx_word' id='word_1_248' title='bbox 695 4127 716 4158; x_wconf 77' lang='lat' dir='ltr'><strong>n.</strong></span> <span class='ocrx_word' id='word_1_249' title='bbox 733 4109 859 4161; x_wconf 81' lang='lat' dir='ltr'><strong>Occs&#39;distl</strong></span> <span class='ocrx_word' id='word_1_250' title='bbox 868 4119 896 4160; x_wconf 82' lang='lat' dir='ltr'><strong>tu</strong></span> <span class='ocrx_word' id='word_1_251' title='bbox 905 4111 1048 4162; x_wconf 75' lang='lat' dir='ltr'><strong>Ciceronem</strong></span> <span class='ocrx_word' id='word_1_252' title='bbox 1060 4111 1170 4181; x_wconf 69' lang='lat' dir='ltr'><strong>loprren-</strong></span> <span class='ocrx_word' id='word_1_253' title='bbox 1224 4125 1227 4130; x_wconf 81' lang='grc'>’</span> 
     </span>
    </p>

    <p class='ocr_par' dir='ltr' id='par_1_12' title="bbox 97 4185 1171 4339">
     <span class='ocr_line' id='line_1_34' title="bbox 137 4185 1170 4260; baseline 0.001 -19"><span class='ocrx_word' id='word_1_254' title='bbox 137 4208 159 4241; x_wconf 91' lang='grc' dir='ltr'><strong>ι.</strong></span> <span class='ocrx_word' id='word_1_255' title='bbox 173 4190 202 4242; x_wconf 81' lang='lat' dir='ltr'><em>A</em></span> <span class='ocrx_word' id='word_1_256' title='bbox 217 4209 261 4242; x_wconf 88' lang='lat' dir='ltr'><strong>me</strong></span> <span class='ocrx_word' id='word_1_257' title='bbox 276 4190 425 4260; x_wconf 80' lang='lat' dir='ltr'><strong>defenditur</strong></span> <span class='ocrx_word' id='word_1_258' title='bbox 434 4189 525 4242; x_wconf 67' lang='lat' dir='ltr'><strong>Cs&#39;cem</strong></span> <span class='ocrx_word' id='word_1_259' title='bbox 536 4189 612 4259; x_wconf 83' lang='lat' dir='ltr'><strong>Quod</strong></span> <span class='ocrx_word' id='word_1_260' title='bbox 661 4187 736 4239; x_wconf 84' lang='lat' dir='ltr'><strong>tem?</strong></span> <span class='ocrx_word' id='word_1_261' title='bbox 749 4185 839 4258; x_wconf 81' lang='lat' dir='ltr'><strong>Capito</strong></span> <span class='ocrx_word' id='word_1_262' title='bbox 852 4204 859 4239; x_wconf 73' lang='grc' dir='ltr'><strong><em>τ</em></strong></span> <span class='ocrx_word' id='word_1_263' title='bbox 873 4186 1018 4239; x_wconf 78' lang='lat' dir='ltr'><strong>Ciceronem</strong></span> <span class='ocrx_word' id='word_1_264' title='bbox 1028 4190 1170 4258; x_wconf 78' lang='lat' dir='ltr'><strong>quisquam</strong></span> 
     </span>
     <span class='ocr_line' id='line_1_35' title="bbox 97 4265 1171 4339; baseline 0 -19"><span class='ocrx_word' id='word_1_265' title='bbox 97 4267 147 4320; x_wconf 74' lang='lat' dir='ltr'><strong>het</strong></span> <span class='ocrx_word' id='word_1_266' title='bbox 152 4267 256 4339; x_wconf 81' lang='lat' dir='ltr'><strong>quidem</strong></span> <span class='ocrx_word' id='word_1_267' title='bbox 264 4267 292 4320; x_wconf 90' lang='lat' dir='ltr'><strong>in</strong></span> <span class='ocrx_word' id='word_1_268' title='bbox 302 4286 376 4320; x_wconf 67' lang='lat' dir='ltr'><strong>esus·</strong></span> <span class='ocrx_word' id='word_1_269' title='bbox 383 4266 611 4339; x_wconf 76' lang='lat' dir='ltr'><strong>indignum,quum</strong></span> <span class='ocrx_word' id='word_1_270' title='bbox 660 4267 746 4332; x_wconf 81' lang='lat' dir='ltr'><strong>poluit</strong></span> <span class='ocrx_word' id='word_1_271' title='bbox 753 4266 876 4328; x_wconf 79' lang='lat' dir='ltr'><strong>occidere,</strong></span> <span class='ocrx_word' id='word_1_272' title='bbox 887 4267 935 4334; x_wconf 81' lang='lat' dir='ltr'><strong>qni</strong></span> <span class='ocrx_word' id='word_1_273' title='bbox 940 4266 1063 4322; x_wconf 76' lang='lat' dir='ltr'><strong>audiuit?</strong></span> <span class='ocrx_word' id='word_1_274' title='bbox 1071 4265 1171 4321; x_wconf 84' lang='lat' dir='ltr'><strong>Sclmlt.</strong></span> 
     </span>
    </p>
   </div>
   <div class='ocr_carea' id='block_1_6' title="bbox 0 0 1427 4812">
    <p class='ocr_par' dir='ltr' id='par_1_13' title="bbox 0 0 1427 4812">
     <span class='ocr_line' id='line_1_36' title="bbox 0 0 1427 4812; baseline 0 0"><span class='ocrx_word' id='word_1_275' title='bbox 0 0 1427 4812; x_wconf 95' lang='lat' dir='ltr'><strong> </strong></span> 
     </span>
    </p>
   </div>
  </div>
 </body>
</html>
