2866 4814
268 461 702 538 CONTRQVERSIARUM
724 463 806 532 ΠΒ.
831 465 871 548 l,
898 466 928 550 4.
1064 490 1126 558 ¹¹7

74 591 205 686 Ignoscit
221 589 298 659 lilio
315 607 412 683 pater
426 591 673 688 nevigationem
693 594 881 680 recusanti,
906 595 934 680 si
953 617 1022 662 non
1040 595 1128 664 ierat

73 733 171 778 nare:
191 710 341 802 ignoscit
353 710 589 800 consequenti
605 717 736 796 castrn,'
747 711 775 777 si
789 734 858 779 non
867 725 990 804 potest,
1005 735 1128 805 quom·

72 830 113 896 ris
123 842 217 920 pater
226 827 303 918 ipse
314 823 469 904 militaris
482 824 539 894 sit.
549 827 626 896 Non
636 821 771 918 possum
783 826 953 898 occidere.
970 825 1127 923 Agedum

73 946 163 1038 ipsam
190 943 306 1038 legem
330 942 457 1010 recita:
476 942 593 1009 Liceat
618 958 652 1010 et
677 943 814 1026 marito,
847 943 947 1013 liceat
977 959 1011 1014 et
1039 943 1126 1014 filio.

73 1059 173 1152 Quare
191 1077 261 1128 tarn
280 1059 405 1128 multos
418 1058 585 1144 nominat,
599 1059 664 1128 nisi
679 1057 772 1151 qnod
787 1076 884 1152 putat
896 1060 1028 1155 aliquos
1038 1085 1126 1144 esse,

73 1178 121 1266 qni
133 1199 197 1276 non
210 1176 371 1269 possint?
383 1176 425 1244 Et
439 1174 476 1243 in
490 1171 718 1266 descriptione
733 1173 820 1242 dixit
834 1199 843 1241 ι
864 1176 981 1268 Quum
992 1200 1048 1246 me
1064 1199 1128 1246 so-

14 1291 15 1294 ’
74 1291 146 1356 ecrit
169 1306 284 1384 pater,
306 1288 392 1371 boc,
415 1289 575 1380 inquam,
604 1289 737 1379 putarit
754 1288 959 1381 supplicium
978 1290 1130 1363 littorum

75 1421 165 1472 morte
188 1406 349 1499 marius,
378 1404 407 1472 si
431 1403 619 1470 adulteram
638 1402 710 1470 filio
729 1403 923 1474 ostenderet
939 1416 963 1472 ¹.
983 1407 1027 1472 Et
1042 1405 1130 1474 illud

76 1519 146 1592 d'nit
160 1549 168 1588 ι
184 1524 357 1590 Exierunt
382 1515 531 1590 adulteri
548 1519 640 1590 inter
656 1535 788 1612 patrem
813 1517 960 1590 debilem
971 1538 1007 1590 et
1021 1521 1131 1592 filiurn

75 1653 249 1730 stupentem
260 1643 289 1716 ἦ.

113 1753 186 1822 Suo
199 1755 375 1822 Ponanrns
389 1750 455 1820 boc
471 1749 584 1820 colore
610 1751 774 1820 narravit.
803 1753 882 1821 Non
904 1731 1020 1845 putavl
1047 1752 1132 1824 mihi

76 1868 174 1938 licere.

114 1989 258 2056 Burnus
271 1988 344 2056 boc
355 1984 479 2053 colore.
494 1983 672 2082 Utrimque
686 1983 749 2052 filii
759 2008 882 2056 nomen
894 1987 997 2056 audio
1013 2014 1021 2054 ι
1036 2003 1133 2081 pater

78 2123 135 2167 rem
146 2103 229 2194 petit
246 2101 449 2193 justiorem,
474 2113 580 2166 mater
596 2097 795 2167 faciliorem.
814 2101 856 2168 Et
873 2099 960 2170 illud
976 2117 1052 2220 post
1070 2101 1133 2174 de-

76 2219 279 2312 scriptionem
298 2216 449 2309 adjecit:
470 2214 618 2284 Fatebor
632 2214 749 2296 vobis,
775 2215 996 2308 parricidlum
1019 2241 1132 2288 coram

78 2321 158 2426 patre
174 2337 292 2404 facere
306 2357 376 2405 non
391 2332 500 2424 potui.

115 2451 241 2520 Crarrns
266 2453 337 2519 hoc
362 2448 474 2515 colore
497 2449 581 2542 egit.
608 2446 789 2528 Prosiluit,
820 2451 952 2541 inquit,
976 2455 1132 2544 protinus

78 2585 179 2653 nater,
199 2584 235 2636 et
251 2563 413 2658 amplexu
430 2585 490 2632 suo
509 2583 627 2642 manus
642 2585 732 2630 meas
745 2562 910 2654 alligavit.
923 2563 999 2657 Ago
1011 2569 1134 2636 confu-

78 2683 150 2754 sioni
164 2709 247 2754 meae
263 2682 417 2778 gratias,
437 2677 529 2772 quod
547 2677 635 2760 nibil
653 2681 690 2748 in
703 2679 764 2748 illo
781 2678 938 2748 cubiculo
955 2681 1045 2766 vidi,
1066 2683 1134 2751 nisi

79 2817 189 2892 patrem
202 2819 237 2870 et
250 2815 410 2868 matrem.
427 2799 529 2866 Pater
544 2798 702 2900 ¹rogabat,
724 2813 762 2866 nt
775 2797 964 2868 occiderem
981 2825 992 2866 t
1012 2817 1131 2886 mater,

79 2937 109 2988 nt
126 2923 270 2992 viveret.
293 2922 406 3000 Pater,
427 2941 470 2986 nc
486 2939 611 2992 nocens
638 2919 806 3011 impunita
827 2935 914 2990 esset
928 2947 936 2987 :
952 2935 1078 3007 maten·
1097 2937 1136 2990 ut

79 3058 131 3128 ego
142 3041 309 3108 innocens
329 3055 448 3104 essens
465 3037 566 3106 Pater
583 3033 745 3104 recitabat
761 3035 872 3129 legem
889 3033 934 3104 de
946 3036 1132 3106 adulterisz

78 3170 173 3222 nater
183 3153 227 3222 de
240 3149 441 3246 parricidis.
461 3151 504 3218 Et
518 3149 671 3220 ultimam
685 3153 884 3222 sententiam
902 3153 1008 3222 dixit:
1028 3155 1136 3223 Occi-

78 3267 150 3340 dere
162 3289 310 3342 matrem
323 3269 352 3336 si
369 3283 467 3360 turpe
480 3267 712 3350 emaduisse,
729 3280 797 3338 non
814 3272 923 3363 potui.

118 3386 345 3455 drcmsnrns
358 3380 546 3457 dititsNon
553 3381 705 3473 estquod
716 3405 818 3456 mccx
833 3384 900 3454 boc
917 3385 1039 3455 habitu
1045 3388 1137 3484 esti-

79 3501 181 3588 netis,
196 3497 294 3596 quod
308 3521 427 3568 manns
440 3495 551 3566 babeo
568 3513 676 3566 stunc
694 3521 763 3569 non
779 3497 897 3598 habui.
916 3504 960 3572 Et
974 3499 1061 3572 illud
1077 3501 1136 3570 'di-

81 3727 148 3800 bbro,
160 3733 203 3806 qui
217 3731 286 3786 mihi
296 3729 393 3803 primes
405 3727 484 3782 veluti
496 3728 583 3800 cyno.
631 3717 692 3772 riter
703 3731 778 3790 atque
794 3719 909 3774 atrociter
927 3721 1072 3781 babendum
1086 3740 1139 3776 :ne

82 3825 127 3862 son
143 3813 173 3864 ad
191 3813 268 3867 ham
290 3805 498 3878 emendationes,
518 3806 584 3862 nihil
632 3797 1142 3874 uniuscnlpaeduplsxindigereturpoena.

83 3889 174 3962 suplici
189 3892 287 3964 reperi,
307 3909 338 3942 ac
351 3908 383 3942 nc
405 3888 513 3960 spatium
527 3887 583 3958 qul·
629 3938 632 3950 .
666 3868 1142 3955 a·Filiamstupentemsrrprstsqu

83 3963 130 4018 den
138 3988 242 4022 vacnum
252 3968 373 4022 relicturo
381 4005 389 4033 ‚
398 3977 425 4016 at
434 3983 482 4016 nec
490 3964 518 4033 in
527 3961 583 4031 aliis
634 3971 672 4010 tro
685 3959 813 4033 descripsit
823 3972 948 4031 stuporem
961 3959 1035 4012 totius
1047 3976 1142 4028 corpo·

84 4045 233 4101 nsrnbranis.
242 4047 347 4102 Schult.
428 4087 431 4097 .
633 4041 676 4106 ris,
690 4040 797 4094 intanto
810 4037 933 4112 inopinati
943 4037 1031 4110 flagitii
1041 4049 1143 4108 specta-

113 4145 131 4176 t·
139 4127 210 4180 Filio
218 4129 372 4182 ostenderet.
381 4123 469 4194 quue
481 4141 533 4178 non
545 4121 586 4194 jn·
635 4119 701 4173 culo.
711 4139 725 4165 n
738 4118 838 4186 Stapor
851 4130 888 4171 cst
901 4117 1028 4186 corporis,
1040 4113 1143 4186 qnando

89 4197 160 4260 limi
171 4226 224 4260 cam
235 4218 359 4285 preterea
370 4205 445 4257 etism
460 4222 527 4288 ame
539 4201 586 4255 du·
635 4196 723 4268 nequit
733 4191 851 4269 progredi
862 4205 886 4250 ct
894 4214 921 4248 ss
931 4213 1043 4250 movere.
1050 4193 1147 4280 ¹delusit.
