2866 4814
158 435 160 438 ’
265 477 711 582 εοειιεοιειιειιιιιιιιι
733 477 814 544 mu.
840 478 867 541 1.
1061 477 1103 566 7⁵

43 609 193 701 adoptari.
223 607 317 675 Volo
345 606 501 698 quaedam
536 606 647 673 futura
676 603 863 697 praedicere
900 603 1001 695 petri.
1043 605 1108 670 Hic

44 721 190 814 quemuis
197 719 372 813 adoptare
384 768 394 803 ,
407 721 579 787 inimicum
589 719 697 811 putris
709 719 761 785 sui
773 718 883 820 invito
893 729 989 808 patre
998 715 1104 784 aluit:

1 861 2 878 ι
44 838 174 930 reliquit
194 860 298 928 aequo
319 837 434 904 animo
455 834 586 902 beatam
604 832 760 914 domum,
790 847 830 899 ut
851 855 927 898 eum
952 831 1108 899 mendico

1 999 2 1004 κ
42 955 176 1020 vireret.
193 952 345 1019 Noveris
359 965 491 1042 oportet
503 949 571 1017 hoc
585 950 659 1041 ejus
672 947 813 1034 vitium3
828 948 873 1016 ad
888 947 1106 1040 praeetundam
1151 959 1157 970 ’

42 1065 241 1134 calamitosis
255 1059 522 1130 misericordiam
542 1080 719 1131 contumax
737 1079 801 1130 εει.
820 1063 937 1132 Habeo
957 1063 1049 1154 quod
1064 1061 1107 1129 de
1178 1057 1180 1063 ’

42 1184 100 1252 hoe
115 1185 200 1250 vitio
215 1183 318 1274 queri
333 1182 457 1273 possim
479 1207 486 1246 ε
505 1179 571 1248 hoc
588 1181 679 1248 euim
697 1196 827 1272 patrem
842 1228 851 1261 ‚
868 1178 935 1248 hoc
951 1195 1108 1272 patruum

43 1271 186 1392 perdidi.
205 1297 320 1388 Quam
339 1295 435 1364 multi
459 1311 572 1388 potres
591 1311 709 1388 optant
730 1295 872 1362 similem
895 1296 1031 1363 filium?
1055 1295 1110 1362 Bis
1215 1315 1217 1323 ’

43 1413 194 1482 abdicor.
222 1415 338 1480 Homo
358 1426 438 1478 est:
463 1434 534 1478 nou
559 1413 610 1478 ιίε
627 1412 672 1478 ati
704 1413 902 1478 homiuem?
920 1412 1004 1478 civis
1029 1426 1107 1478 est:

43 1556 105 1599 uon
123 1533 176 1598 vis
191 1530 238 1597 ati
255 1529 388 1597 civem?
402 1529 529 1595 amicus
546 1544 596 1596 εει
613 1557 621 1596 z
640 1553 706 1596 non
724 1531 774 1596 vis
788 1528 833 1595 ati
851 1528 1019 1596 amicum?
1033 1550 1110 1620 pro·

44 1651 190 1742 pinquus
203 1663 257 1715 εἐι
273 1674 281 1712 :
297 1670 368 1714 non
381 1645 433 1712 vis
445 1645 489 1720 ali
510 1647 739 1738 propinquum
752 1647 767 1713 P
780 1647 836 1716 Sic
852 1647 1049 1740 pervenitur
1067 1644 1111 1712 ad

45 1781 192 1858 pstrem3
211 1762 316 1834 homo
334 1777 403 1846 est,
430 1761 514 1828 civis
539 1777 608 1845 εει,
642 1764 770 1830 amicus
796 1779 869 1848 εει,
899 1764 1111 1855 propinquus

47 1896 104 1947 est.
119 1881 214 1970 Ergo
228 1902 298 1946 non
312 1879 379 1946 erit
391 1873 510 1943 vitium
525 1876 716 1970 porrexisse
731 1879 849 1975 stipem
866 1927 875 1960 ‚
891 1879 957 1946 uisi
972 1877 1108 1958 dixero,

49 2012 140 2088 pater
161 2011 226 2062 est.
763 2003 767 2012 '

91 2115 180 2178 er
197 2113 315 2180 Cxxvr.
344 2107 505 2178 Circuibo
529 2123 664 2195 tecum,
695 2125 805 2201 pater,
830 2110 941 2177 aliena
966 2109 1110 2176 iimina:

49 2225 215 2295 ostendam
233 2225 393 2292 omuibus
404 2273 415 2307 ,
435 2241 469 2291 et
487 2248 561 2310 me,
584 2225 643 2316 qui
659 2225 819 2294 alimenta
838 2224 938 2309 dedi,
957 2240 991 2292 et
1003 2241 1036 2290 te
1051 2224 1112 2316 qui

49 2345 184 2438 negasti.

91 2459 230 2527 Rom
252 2457 422 2522 Hxsrours.
451 2455 550 2536 Scio,
579 2471 687 2546 peter,
717 2455 838 2522 melius
861 2478 934 2521 esse
962 2454 1053 2545 quod
1077 2468 1115 2521 tu

7 2561 13 2576 ’
51 2571 128 2640 dicis
148 2599 156 2636 :
178 2568 271 2638 istud
294 2593 358 2662 ego
380 2570 407 2634 si
426 2561 574 2662 possem,
596 2593 768 2663 nunquam
783 2555 965 2638 'abdicatus
990 2595 1110 2638 essem.

50 2691 166 2759 Fateor
178 2687 300 2755 vitium
319 2691 427 2753 meum
446 2713 454 2752 :
471 2684 537 2754 hoe
550 2707 688 2778 quoque
701 2687 798 2778 prior
812 2687 849 2753 in
864 2709 917 2752 me
932 2684 1113 2754 emendare

1 2846 2 2856 ι
53 2803 149 2870 soluit
166 2819 279 2896 pater,
301 2825 364 2869 uec
383 2803 503 2893 potuit.
534 2801 699 2894 impulisti
727 2825 780 2868 me
804 2804 840 2869 in
858 2801 1032 2886 fraudem
1054 2803 1114 2892 qui

55 2942 99 2986 me
114 2903 318 3000 abdicatae
342 2915 478 2984 oiebut:
502 2919 578 2984 Non
602 2911 735 3010 oportet
753 2918 830 2985 fieri
850 2948 859 3004 3
890 2931 927 2986 tu
947 2916 1110 2985 dicebas:

54 3036 187 3126 Oportet
202 3062 213 3120 3
232 3032 296 3100 tibi
310 3030 453 3123 credidi..
469 3035 546 3100 Nou
559 3031 672 3117 dedit,
691 3034 820 3125 inquit,
837 3033 923 3103 mihi
936 3033 1113 3122 alimenta;

56 3149 230 3218 defuerunt
253 3147 345 3214 tibi?
367 3147 534 3240 Quisquis
554 3149 714 3216 alimenta
736 3174 757 3215 a
779 3133 952 3218 mendico*
979 3169 1115 3244 rogetus

56 3279 116 3345 est,
143 3261 233 3331 nihii
259 3263 405 3355 emplius
423 3287 523 3353 quam
541 3264 607 3330 iter
625 3264 656 3329 ei
674 3281 848 3348 monstrat.
872 3266 966 3350 Vade
984 3266 1028 3334 ad
1046 3267 1115 3336 fra-

57 3391 156 3463 trem,
176 3380 185 3444 i
205 3375 249 3445 ad
270 3376 377 3444 filium
396 3377 486 3468 :jam
502 3377 639 3469 quidem
660 3367 759 3448 nobis
777 3379 928 3448 eamdem
947 3383 1112 3452 fortunam

61 3511 247 3586 precantur.
271 3491 383 3561 Crede
401 3493 506 3578 mihi,
528 3499 650 3562 ειιειέ3
672 3495 788 3588 popuii
806 3496 922 3586 lingua
939 3513 1002 3566 εει.

1 3717 2 3728 ’
62 3719 246 3785 mimidest
260 3718 391 3779 divinum,
407 3716 506 3770 credero
520 3716 559 3768 iili
608 3729 691 3769 mento
709 3737 721 3768 ε
740 3719 858 3772 mendico
878 3719 928 3772 hoe
947 3734 1047 3792 rogetus
1066 3737 1115 3788 ost,

1 3821 2 3824 ¹
62 3795 162 3850 humana
173 3799 247 3852 dehet
256 3798 401 3852 eustosius.
412 3795 509 3849 Sciutt.
609 3796 672 3848 nihii
692 3796 814 3870 emplius,
833 3817 911 3867 quem
932 3798 979 3851 iter
997 3798 1020 3849 ei
1038 3819 1118 3852 mon-

94 3878 141 3928 1.A
147 3879 268 3933 mmdr'co.
282 3876 359 3928 Clare
371 3887 453 3928 essent
464 3873 558 3937 omnis,
607 3889 675 3928 strat,
683 3897 698 3924 ιι
710 3876 760 3929 vet
771 3897 850 3948 quum
861 3878 929 3930 testis
937 3879 969 3931 sit
977 3879 1058 3930 Faber
1068 3898 1118 3946 vess

65 3949 197 4023 interposito
217 3953 389 4029 pronomine,
408 3964 436 4004 ut
451 3951 561 4024 opposite
611 3965 673 4006 teres
694 3954 817 4008 editiones
838 3955 955 4021 habero,
980 3977 993 4002 α
1008 3953 1120 4008 misereri

65 4028 93 4080 at
103 4034 282 4099 antecedentia,
296 4044 322 4085 ει
333 4029 561 4083 ιᾶ-οειειιᾶεηιιειιι
611 4045 746 4097 monstrat,
756 4054 771 4080 ε
780 4033 806 4085 in
817 4035 947 4104 postremis
956 4033 1119 4085 commodum

65 4105 245 4169 infelicissimam
257 4112 337 4186 patris
347 4110 467 4163 naturalis
477 4111 563 4163 condi·
611 4111 657 4176 sit,
671 4133 684 4159 α
693 4111 784 4164 misero
798 4113 821 4164 ei
834 4123 984 4164 monstrat.»
997 4110 1094 4164 Schutt.

66 4183 146 4244 fiunem
163 4191 229 4250 filino
246 4193 318 4248 disat
334 4209 342 4244 ι
357 4210 372 4240 ιι
382 4187 501 4260 Quisquis
517 4190 563 4244 sti·
646 4211 671 4244 a.
683 4189 774 4244 Socra.
789 4191 845 4246 Vox
857 4187 963 4262 populi,
975 4208 1025 4242 vox
1036 4187 1094 4241 Dei.
