2876 4804
207 389 268 458 DE
291 389 428 458 AUCI'.
454 389 513 458 ET
534 390 734 460 DECLAM.
761 391 973 461 RATIONE.
1058 392 1104 486 39

61 507 221 598 Sophiste,
232 507 346 574 Dionis
357 508 470 576 Prusei
481 526 697 600 cognomento
709 511 929 600 Chrysostomi
940 559 949 594 ,
960 493 1104 578 Theonis

60 615 343 705 inProgyumasm.
365 614 525 699 Aristiden,
544 617 684 705 synesii,
702 617 883 700 Themistii,
901 617 1102 702 Polemonia,

58 719 200 802 llonerii,
213 721 420 810 aliorumque
434 721 556 788 disertae
571 723 754 805 Orationes,
773 724 1100 814 Declamationesque.

57 827 137 910 Quin
150 843 183 891 et
193 827 467 917 Philosophorum
478 829 616 912 scholas,
629 830 748 919 optima
760 851 896 918 quaeque
908 833 1100 916 cavillando,

57 934 183 1000 ealabes
194 937 385 1024 occupavit:
398 958 539 1023 quorum
548 936 680 1024 laqueos
693 938 1021 1028 reprehensionesque
1037 941 1101 1004 elu-

57 1039 144 1122 dere,
159 1055 193 1104 et
209 1056 314 1122 tecto,
330 1041 421 1129 quod
438 1042 541 1123 aiunt,
559 1042 721 1108 discedere
739 1044 852 1124 latere,
874 1046 1022 1134 singulari
1045 1047 1097 1112 lib.

58 1133 118 1223 arpi
133 1145 314 1223 σοφιστικῶν
332 1137 462 1228 ἴαέγχων
478 1139 691 1229 Peripateticae
699 1141 932 1207 scholaePrince
977 1143 1098 1226 docuit,

57 1255 205 1325 vooetqne
225 1233 281 1303 τὴν
302 1234 475 1322 σοφιστικὴν
495 1235 671 1324 φαινομένην
697 1231 819 1323 σοφίαν,
832 1166 973 1302 nicasii
992 1240 1032 1328 μὴ
1047 1238 1098 1304 καὶ

56 1331 100 1397 so
126 1331 272 1422 Σοφισιήν
303 1331 510 1421 χρηματιστὴν
543 1330 780 1422 ἀποφαινομένης
807 1331 925 1421 σοφίας,
952 1332 1019 1398 ἀλλ’
1045 1339 1098 1401 οὐκ
1221 1403 1229 1426 f

57 1425 144 1504 ὦσας·
151 1437 300 1524 Exagitat
312 1435 443 1500 eosdem
459 1450 490 1499 et
499 1436 608 1516 Plato,
619 1452 650 1498 et
668 1435 824 1500 Isocrates
841 1457 850 1500 τ
869 1435 954 1523 apud
970 1437 1096 1505 Latinos

57 1560 126 1604 rero
136 1543 266 1622 Tacitus
279 1541 465 1624 Cornelius,
481 1543 546 1606 aive
559 1543 584 1606 is
595 1543 702 1630 potius
716 1540 833 1608 Fabius
849 1556 910 1622 est,
927 1541 1096 1611 Petronius

57 1647 194 1729 Arbiter,
213 1648 444 1712 Ammonianus
458 1647 676 1730 Marcellinus,
694 1648 867 1737 eaeterique
890 1647 1093 1718 insectantur.

57 1749 182 1840 Utrique
200 1753 360 1841 Sophiste
373 1752 465 1835 dicti,
484 1770 516 1818 et
528 1753 625 1820 iidem
641 1776 742 1843 saepe,
766 1775 884 1844 genere
901 1770 1005 1820 tamen
1024 1779 1095 1847 pro·

56 1851 189 1920 fusionis
196 1854 392 1920 dissirrrillimi
405 1871 436 1918 et
447 1857 579 1944 origine.
591 1856 623 1921 N
624 1879 676 1921 arn
688 1853 939 1945 Philosophastri
951 1871 983 1920 et
996 1849 1095 1941 ἀμφο·

56 1947 244 2040 προῄλωσσον
283 1976 301 2016 a
328 1954 460 2016 Zenone
488 1952 599 2017 Eleate
626 1953 789 2042 appellati,
826 1968 859 2017 et
884 1949 913 2013 ἐν
933 1957 977 2034 τῷ
991 1937 1089 2014 δοκεῖν

56 2031 238 2138 διαλέγεσθαι
266 2049 454 2114 :Rhetores
478 2048 518 2111 ab
536 2047 750 2136 Empedocle,
780 2063 811 2112 et
841 2046 871 2108 ἐν
906 2048 951 2132 τῷ
984 2049 1092 2138 λιγεῖν.

54 2150 196 2235 Quamvis
209 2178 289 2220 vero
309 2171 447 2242 uterque
463 2153 691 2218 eParmenidis
708 2153 816 2218 schola
833 2154 987 2241 profecti,
1004 2157 1092 2220 Zeno

53 2263 149 2316 nmen
161 2254 267 2318 hausit
277 2251 355 2317 inde
371 2247 538 2316 discidium
548 2249 625 2314 illud
645 2255 698 2322 τῆς
725 2245 888 2322 αἰσθήσεως
914 2246 965 2312 καὶ
989 2247 1089 2342 λόγου.

59 2347 144 2418 Unde
160 2355 252 2443 origo
283 2355 337 2422 τῆς
367 2334 546 2433 ἀδολεσχίας
578 2331 776 2419 διαλεκτικῆς.
791 2348 1002 2438 Empedocles
1014 2375 1092 2417 vero

53 2463 164 2548 poetica
175 2464 353 2552 pigmenta,
366 2479 384 2520 a
395 2455 512 2543 quibus
522 2453 656 2542 primam
666 2455 881 2521 vetustissimae
892 2457 1090 2547 Eloquentiae

53 2587 184 2632 manasse
205 2567 361 2654 originem
387 2559 501 2626 Strabo
531 2558 639 2624 refert.
669 2559 770 2624 Latini
778 2582 876 2626 'vero
902 2561 1088 2628 Graecorum

52 2674 161 2755 aernuli,
175 2689 267 2763 post,
278 2670 336 2735 sed
347 2669 445 2757 longo
457 2665 640 2747 intervallo,
655 2665 771 2755 pedem
782 2669 815 2732 in
825 2669 874 2732 his
885 2669 1020 2758 vestigiis
1030 2691 1087 2757 po·

52 2797 175 2844 suerunt
188 2803 197 2843 :
210 2795 240 2843 et
250 2773 435 2866 aliquandiu
447 2773 622 2836 intermissa
636 2773 842 2840 Declamandi
853 2776 934 2838 ratio
943 2789 1089 2840 revocata

54 2887 159 2950 &sub
171 2885 323 2964 Nerone,
338 2879 530 2968 Vespasiano
552 2893 583 2942 et
601 2879 793 2945 Domitiano.
811 2879 988 2945 Inclinante
1001 2881 1086 2945 enim

52 2987 192 3078 irnperio,
211 2988 364 3080 paulatim
384 2986 476 3050 etiam
503 2984 684 3071 eloquentia
703 2985 913 3074 degeneravit.
940 2987 1086 3075 Coeperat
1185 3057 1189 3065 ,

52 3099 175 3186 quippe,
198 3117 350 3186 oppressa
369 3090 479 3157 orandi
497 3091 530 3154 in
552 3090 627 3156 foro
648 3091 807 3175 libertate,
822 3088 951 3159 dicendi
966 3092 1085 3182 pariter

52 3203 91 3266 ris
98 3252 106 3284 ,
120 3221 151 3268 et
164 3203 295 3269 facultas

174 3391 207 3449 ln
219 3390 298 3466 pejus
309 3407 403 3458 ruere,
416 3405 448 3442 ac
460 3398 533 3454 retro
546 3385 669 3460 sublapsa
684 3385 788 3442 referri.

87 3563 166 3629 'l'um
181 3564 315 3630 Porcius
330 3561 426 3626 Latro
442 3560 562 3626 caeteris
573 3560 787 3648 praestantior,
802 3577 834 3624 et
849 3559 895 3626 M.
908 3559 1024 3627 Fabius
1035 3584 1081 3628 se·
1143 3621 1145 3626 .

53 3667 408 3757 aior,hominesllispani
416 3666 696 3732 miriliceaSeneca
702 3666 754 3731 hic
762 3664 889 3749 laudati,
899 3668 1079 3758 viguerunt.

52 3773 143 3864 llnjos
152 3780 293 3868 primunr
303 3773 474 3840 a'l'hadaeo
486 3773 624 3864 Ugoleto
634 3772 793 3838 Parmensi
804 3822 813 3854 ,
823 3796 841 3838 a
852 3772 919 3840 Pet.
928 3773 1079 3857 AErodio,

53 3897 142 3967 nuper
156 3883 249 3948 etiam
260 3878 498 3946 aesernino
512 3875 539 3942 J.
560 3876 596 3941 C.
615 3877 728 3966 insigni
744 3876 778 3942 in
792 3874 899 3958 Gallia,
920 3875 978 3956 145
990 3877 1079 3966 (qua

55 3981 88 4046 tle
102 3981 160 4074 390
178 3988 249 4054 lere
270 3986 402 4074 reliquas
419 3981 514 4072 sunt)
535 3982 627 4049 editas
642 3983 893 4050 Declamationes
909 3983 1076 4050 circumfe-

54 4106 172 4160 runtur:
185 4093 228 4160 de
241 4093 361 4183 quibus
376 4107 408 4154 et
423 4089 471 4154 Jo.
487 4092 561 4154 Ant.
580 4089 729 4177 Campani
741 4089 897 4174 judicium
911 4104 994 4154 extat
1008 4112 1075 4154 non
