2874 4768
315 421 380 510 ⁵70
641 422 688 490 n.
714 419 859 488 auum
883 417 1062 486 munem

577 723 1009 844 crustumio
1044 756 1108 842 11.

424 991 629 1040 ruricius
662 991 898 1038 clcnnonts
933 991 1259 1042 munirentur.

677 1166 722 1224 De
735 1165 861 1224 moribus
877 1167 914 1224 sit
928 1167 1011 1225 actio.
1147 1159 1156 1176 '

309 1298 447 1377 rapsatur·
456 1297 605 1376 paniculis·
615 1317 691 1356 raon
704 1293 799 1356 Ciceru
812 1292 958 1373 defendit.-
971 1295 1111 1355 assotum
1124 1306 1176 1355 est.
1191 1297 1375 1376 rascatius

352 1395 473 1457 Tullium
488 1397 524 1457 ab
541 1394 661 1457 Amata
681 1397 781 1456 missus
801 1395 925 1455 uccfflt't:
947 1405 1032 1475 capra
1044 1397 1086 1456 ud
1107 1394 1260 1458 Aebutiam
1275 1397 1372 1458 amisi.

353 1496 511 1560 dematur
523 1499 558 1556 de
572 1497 703 1556 menius.

662 1669 715 1737 (nx
728 1668 847 1718 Controv.
862 1684 890 1730 n,
904 1667 948 1717 lib.
961 1667 1032 1736 vll.)

357 1810 663 1880 DECLAMATIO.
691 1809 828 1893 Occidit
850 1789 1048 1879 Ciceronem
1072 1813 1239 1904 Popilius.
1260 1817 1372 1882 Jsmnc

307 1911 446 1996 creditis
470 1926 616 1993 occisum
643 1925 686 1992 ab
709 1926 774 1992 isto
798 1927 954 2017 patrem?
972 1925 1155 1995 Occisurus
1177 1929 1371 1996 Ciceronem

308 2043 426 2113 debuit
445 2043 597 2134 incipere
611 2067 630 2108 a
646 2057 755 2133 patre.
773 2042 957 2127 Antonius,
974 2043 1107 2134 inquit,
1122 2044 1235 2136 jussit.
1252 2048 1328 2113 Non
1341 2061 1370 2112 tc

306 2160 428 2254 pudet,
451 2158 559 2252 Popili
580 2186 587 2225 :
605 2160 791 2250 imperator
812 2174 890 2226 tuus
910 2172 944 2226 te
961 2155 1219 2253 crediditposse
1232 2163 1371 2256 parrici-

307 2274 399 2342 dium
415 2273 540 2343 facere.
562 2273 715 2342 Abscidit
736 2287 860 2366 caput,
886 2275 1072 2366 amputavit
1091 2298 1241 2345 menum.
1261 2277 1369 2344 Minus

218 2427 221 2481 j
307 2391 343 2456 in
358 2389 416 2456 illo
429 2391 558 2484 crimen
572 2405 639 2471 est,
658 2387 750 2480 quod
764 2390 964 2458 Ciceronem
977 2389 1113 2460 occidit.
1128 2393 1194 2460 Pro
1207 2391 1259 2458 dii
1272 2386 1365 2460 boni!
1422 2425 1429 2438 ·

244 2496 247 2502 ¹
307 2507 453 2575 occisum
471 2508 671 2576 Ciceronem
696 2507 800 2573 malos
824 2531 934 2574 mores
959 2531 1054 2576 voco.
1077 2511 1150 2577 Hoc
1171 2533 1277 2576 unum
1297 2508 1369 2576 leli·

304 2623 413 2707 citer,
440 2621 532 2715 quod
557 2638 636 2691 ante
665 2620 819 2690 occidisti
849 2639 1000 2714 patrem,
1030 2647 1129 2715 quam
1153 2627 1363 2692 Ciceronem.

304 2739 453 2808 Facilius
470 2764 532 2831 pro
550 2737 721 2831 parricida
734 2739 857 2806 Cicero
868 2738 1019 2831 judicem
1039 2741 1161 2814 movit,
1190 2763 1291 2831 quam
1311 2762 1369 2831 pro

304 2875 340 2921 se
357 2855 528 2923 clientem
549 2852 602 2922 Ad
617 2877 676 2921 vos
696 2854 761 2922 hoc
781 2855 914 2946 patroni
930 2869 1056 2947 spectat
1069 2853 1274 2948 exemplum.
1289 2852 1369 2922 Nul-

302 2966 352 3035 los
374 2970 480 3061 magis
502 2967 573 3035 odit
593 2967 764 3059 Popilius,
789 2992 891 3059 quem
911 2969 1036 3061 quibus
1055 2967 1240 3062 plurimum
1255 2969 1365 3037 debet.

303 3080 454 3151 Abscidit
478 3084 640 3151 cervices.
668 3085 774 3152 Parce
793 3084 884 3176 jam,
910 3085 1019 3175 Popili
1045 3083 1162 3151 :nihil
1195 3084 1281 3168 tibi,
1307 3084 1367 3150 nisi

302 3199 523 3268 occidendum
535 3201 706 3268 mandavit
719 3200 899 3268 Antonius.
915 3199 1045 3270 Pudeat
1060 3217 1111 3284 te,
1125 3201 1258 3293 Popttt;
1274 3224 1367 3268 aecu-

301 3330 390 3382 sator
405 3331 483 3384 tuus
497 3316 594 3383 vivit.
614 3317 688 3382 Non
707 3314 907 3384 credidisset
926 3316 1095 3408 Popilium
1116 3316 1285 3384 facturum
1298 3315 1365 3383 An·

301 3428 435 3509 tonius,
462 3430 529 3496 nisi
553 3428 774 3520 parricidium
799 3427 916 3497 fecisse
942 3431 1164 3497 meminisset.
1187 3429 1245 3496 Dii
1260 3449 1367 3495 manes

299 3543 423 3636 Popilii
439 3545 546 3628 senis,
562 3560 597 3611 et
610 3544 724 3613 inultae
737 3545 843 3636 patris
856 3544 1004 3625 umbrat,
1020 3560 1075 3628 tc,
1092 3544 1236 3628 Cicero,
1256 3565 1364 3636 perse·

300 3675 453 3751 quuntur
481 3685 488 3726 ε
519 3675 555 3727 ut
581 3683 681 3751 quem
708 3661 861 3754 negasti,
894 3660 1018 3726 sentias
1043 3656 1263 3751 parricidam.
1293 3661 1362 3725 Non
1412 3733 1416 3742 .

299 3775 411 3845 bausit
424 3777 670 3845 Minturnensis
683 3777 778 3868 palus
787 3775 936 3844 exsulem
946 3775 1103 3844 Marium.
1117 3775 1359 3844 Cimberetiam

299 3891 336 3962 in
359 3907 457 3984 capto
479 3891 566 3959 vidit
583 3894 816 3983 imperantem.
835 3892 899 3960 Cn.
920 3891 1099 3982 Pompeius
1117 3906 1286 3958 terrarum
1300 3911 1360 3956 ma·

301 4010 416 4099 risque
439 4007 605 4095 domitor,
637 4008 784 4076 libenter
807 4032 842 4077 se
865 4009 1035 4077 Hortensii
1059 4007 1217 4076 clientem
1241 4005 1360 4100 proles·

301 4150 357 4193 sus
383 4143 445 4194 est.
476 4129 518 4194 Et
535 4128 734 4195 Hortensius
754 4127 843 4194 bona
867 4127 1040 4220 Pompeii,
1075 4149 1142 4194 non
1168 4126 1359 4218 Pompeium
