2878 4816
295 479 358 546 208
617 473 664 540 Μ.
690 469 835 541 ANNAEt
856 471 1038 556 SENECA!

341 603 555 676 Asomsnn.
572 599 690 693 Quum
704 599 897 683 abdituret,
914 599 1027 670 nieht
1044 629 1052 670 ε
1069 605 1142 672 Hoc
1158 605 1291 676 scilicet
1302 631 1365 677 ex·

290 714 472 810 spectabo,
499 714 609 794 donec
629 713 694 784 hoc
717 735 737 781 e
756 715 934 782 meretrice
952 700 1077 784 liberos
1092 715 1203 786 totu.
1218 717 1363 808 Mulier,

289 835 405 918 nescio
430 855 474 902 sn
497 830 660 900 adversus
674 845 804 923 putrem
827 830 1111 924 injuriosiorsis,
1131 833 1225 924 qood
1241 834 1362 906 obsur-

287 945 359 1014 iisti
374 945 424 1012 illi
438 941 621 1026 heredem,
637 966 682 1011 sn
695 941 790 1036 quod
802 939 940 1010 dedisti.

338 1062 476 1130 Annum
490 1062 576 1131 Sus.
591 1057 671 1129 Sine
685 1060 826 1130 veniant
840 1058 922 1126 illuc
935 1059 1050 1146 surici,
1066 1061 1139 1130 sine
1152 1064 1359 1158 propinqui:

289 1191 381 1247 nunc
395 1176 601 1251 erubescunt
614 1178 653 1246 in
669 1173 806 1244 tomum
824 1177 1013 1244 meretricis
1025 1177 1201 1248 secedere.
1217 1181 1359 1268 Mulier,

291 1309 367 1387 quae
387 1295 460 1367 sine
482 1291 683 1386 praesotione
705 1292 848 1359 honesto
866 1293 1034 1361 nominari
1054 1318 1124 1363 non
1143 1312 1261 1389 potes,
1274 1298 1362 1368 cedo

291 1412 390 1478 istum
413 1431 558 1502 puerum
582 1407 667 1475 nulli
689 1405 960 1500 agnoscendum¹
980 1407 1067 1478 :sed
1089 1425 1197 1480 mater
1214 1430 1356 1484 assant.

289 1525 527 1595 Severisstmus
545 1538 643 1616 pater
660 1519 831 1590 abdicavit
849 1524 968 1606 etium,
985 1549 1086 1616 quem
1101 1527 1230 1596 sciebat
1243 1553 1355 1600 sunm.
1429 1603 1432 1616 ,

190 1633 192 1642 ’
288 1643 421 1710 Erotio
439 1639 538 1709 domo
556 1663 656 1734 puer,
672 1641 731 1730 qni
746 1640 1016 1708 omnes-vocabat
1030 1659 1156 1735 patres.
1174 1643 1361 1740 Adoptavit

288 1759 361 1851 ejus
379 1757 506 1838 filium,
526 1770 669 1851 propter
680 1779 780 1848 quom
796 1756 898 1824 etium
911 1779 1008 1824 suum
1024 1757 1181 1851 ejecerat.

336 1872 448 1939 Cusnn
471 1871 540 1938 P11.
564 1868 702 1939 Nullum
724 1893 832 1961 genus
846 1866 1002 1961 judicum
1025 1883 1158 1940 recuso.
1188 1871 1224 1941 Si
1245 1878 1358 1944 severi

239 1961 241 1976 Ι
287 1991 408 2068 erunt,
429 1984 567 2054 nocebit
582 1985 659 2068 isti,
678 1984 772 2078 quod
788 1985 962 2078 receperit
975 1988 1163 2056 meretricis
1176 1988 1285 2058 filium
1302 2019 1311 2060 :
1328 1995 1357 2061 si

286 2105 489 2188 clementes,
517 2100 609 2194 quod
636 2101 808 2170 abdicarit
833 2124 943 2169 sunm.
973 2101 1140 2172 Clamavit
1163 2119 1261 2198 poter
1284 2133 1292 2174 :
1314 2108 1357 2175 ln

286 2223 421 2290 domum
440 2241 523 2311 ergo
536 2199 648 2286 'meum
668 2219 826 2286 meretrix
848 2217 981 2300 veniet,
1006 2235 1065 2286 aut
1089 2220 1197 2313 (quod
1221 2223 1358 2316 turpius

199 2333 202 2340 i
285 2339 374 2428 est²)
392 2337 482 2406 fliius
495 2335 539 2405 ed
554 2335 645 2404 illam
663 2334 753 2403 ibit?
766 2334 861 2403 Misit
874 2337 909 2402 in
924 2335 1060 2405 domum
1072 2331 1220 2407 nostrum
1234 2339 1355 2434 publi-

150 2439 179 2531 's
285 2481 362 2526 cum
381 2478 539 2550 puerum.
561 2454 649 2548 Quis
673 2451 742 2520 illis
765 2451 893 2544 nuptiis
915 2451 1087 2538 interfuit,
1105 2455 1171 2522 nisi
1185 2453 1355 2525 autabdt·

284 2591 394 2656 catus,
414 2588 474 2641 aut
490 2569 700 2640 abdicandus
713 2563 746 2634 ³?

279 2743 436 2816 „amam
448 2741 579 2814 ,qumis
596 2760 603 2794 :
621 2738 726 2793 «Nostis
741 2739 793 2805 (its
842 2737 956 2791 moribus
967 2739 1153 2805 Romsnorum,
1165 2740 1353 2798 adolescentem

282 2820 351 2872 enim
364 2818 485 2885 rescribo)
501 2817 592 2888 quihus
607 2826 665 2867 soto
675 2814 705 2867 in
717 2813 792 2867 cubi·
841 2814 877 2867 ire
890 2815 918 2867 in
928 2817 1044 2890 lupsnsr,
1055 2836 1133 2888 quam
1144 2821 1301 2874 meretricem
1314 2823 1354 2875 vi-

283 2897 367 2949 cuium
377 2895 465 2949 rivalis
475 2894 563 2958 seuit,
575 2908 651 2963 quesn
663 2891 792 2944 maritus.»
841 2891 895 2945 deri
903 2893 930 2945 iu
939 2894 1097 2947 csnsdomo.
1105 2895 1353 2972 Sedetscriptussss·

281 2973 378 3026 Herum
386 2975 417 3026 de
426 2991 531 3025 nurnero
540 2983 564 3024 et
572 2971 627 3024 hsee
636 2983 688 3035 est,
705 2989 792 3041 qusn—
840 2971 1355 3042 ctiortesteiusfiiimudiliumsoeibe:

281 3070 358 3122 qnsm
372 3050 490 3104 severitas
509 3061 545 3103 est
561 3051 589 3102 in
603 3050 690 3117 voitu,
703 3061 727 3102 et
738 3069 792 3123 pre·
844 3051 976 3103 Clamavit
993 3057 1071 3122 puter
1088 3069 1097 3102 .·
1115 3057 1143 3106 in
1164 3055 1272 3108 domurn
1291 3074 1352 3126 erp

175 3131 177 3142 ’
281 3129 310 3181 tii
327 3127 453 3199 quantivis
469 3127 578 3180 videtur.
598 3128 710 3182 Proinde
727 3147 792 3201 poe-
839 3147 927 3181 meum
944 3131 1070 3200 mentrioe
1087 3133 1184 3194 ueniet,
1202 3143 1263 3194 aut,
1280 3135 1354 3203 quod

282 3225 338 3259 rum
348 3205 441 3272 istum,
456 3205 501 3276 qui
512 3223 601 3258 ornnes
612 3205 641 3258 in
649 3204 726 3260 domo
736 3223 791 3258 non
839 3209 942 3274 turpius
954 3216 1008 3264 est.
1024 3211 1079 3270 eius
1088 3208 1193 3276 filius?
1210 3210 1260 3261 Ad
1272 3212 1351 3264 mm

282 3284 337 3336 sine
349 3302 424 3336 esces
435 3283 541 3336 voesbst
557 3295 656 3358 pstres‚
669 3283 730 3336 dum
743 3301 790 3337 oo·
838 3285 890 3336 tots.
908 3282 1028 3335 Ostendit
1044 3283 1122 3356 petris
1137 3283 1349 3350 intentantium,

280 3374 336 3415 stre
347 3359 457 3414 obtrudit
472 3374 496 3414 et
506 3362 628 3416 insertum
643 3359 791 3415 vultissni-
839 3377 896 3430 quse
913 3360 1008 3434 speeies
1024 3359 1174 3416 infirmioris
1194 3376 1231 3416 est
1248 3366 1351 3420 urentis.

279 3440 336 3505 lite,
349 3439 471 3512 injurians
486 3439 553 3493 tacit.
570 3437 643 3493 Fecit
660 3438 693 3492 etl
709 3439 790 3492 stabi·
837 3438 908 3490 Idem
927 3437 988 3505 iile,
1006 3438 1052 3509 qui
1068 3437 1124 3492 hee
1141 3453 1195 3492 tuns
1211 3441 1349 3507 clsmsvis,

280 3516 389 3569 iiendanr
399 3515 465 3569 hunc
475 3517 662 3588 conjecturem,
674 3515 743 3587 quoti
752 3527 789 3568 est
837 3527 921 3588 postes
933 3516 987 3568 non
1001 3517 1166 3588 exspectent,
1182 3517 1264 3572 tiones
1276 3520 1309 3572 ssi
1321 3539 1349 3574 se

279 3597 355 3668 paulo
374 3607 444 3668 post:
456 3593 527 3648 «set
548 3607 628 3647 meter
648 3595 733 3647 usserit
751 3611 789 3644 se·
837 3594 975 3659 veniretur,
989 3595 1041 3668 ipse
1052 3595 1084 3647 sd
1095 3595 1232 3649 meretricis
1243 3597 1348 3652 sionem

279 3672 344 3726 reris
360 3673 452 3725 mosiis.
468 3694 482 3719 s
504 3671 539 3725 its
562 3671 631 3724 enim
651 3669 789 3742 legentium
838 3674 875 3726 ire
886 3673 1012 3726 sustinuit.
1024 3672 1135 3727 Gronov.

280 3747 640 3826 proseverissimus.Schu1t.
869 3749 893 3802 3.
905 3751 969 3804 Nisi
979 3760 1029 3804 out
1038 3751 1192 3819 abdicatus,
1206 3753 1350 3808 outobdi-

315 3849 336 3881 r.
352 3829 431 3881 Nulli
445 3828 642 3897 agnoscendum.
656 3826 711 3878 Vox
729 3825 788 3878 huie
836 3831 943 3882 condus.
963 3829 1025 3882 Htec
1042 3849 1072 3882 eo
1093 3829 1193 3902 respicit
1212 3829 1350 3903 periodus,

275 3909 313 3960 rei
325 3907 435 3980 propria,
446 3905 515 3976 quoti
528 3915 594 3976 patet
603 3903 714 3956 cstituio
725 3903 785 3975 Dig.
835 3905 904 3971 quod
918 3923 964 3958 uec
980 3905 1110 3976 legitimus
1126 3915 1149 3958 et
1163 3920 1281 3979 proteres
1292 3926 1350 3976 pu·-

278 3985 321 4038 De
339 3985 505 4053 agnoscendis
523 3991 547 4034 et
568 3983 671 4037 alendis
693 3981 786 4032 tiberts.
835 3984 916 4036 blieus
928 3983 969 4036 hic
979 3983 1011 4036 sit
1022 3982 1090 4037 iiiios
1101 4023 1109 4050 ,
1122 4003 1201 4055 qourn
1212 3985 1286 4056 justis
1296 4005 1351 4040 nn·

277 4061 374 4114 Schult.
835 4061 894 4133 ptiis
908 4081 961 4122 non
979 4061 1010 4114 sit
1025 4073 1164 4135 susceptus,
1180 4063 1251 4131 quod
1262 4063 1350 4116 nuilus

310 4159 332 4190 α.
350 4139 431 4209 Quod
441 4143 542 4208 turpius
554 4139 691 4209 est,fitius
704 4139 742 4188 nri
753 4139 786 4188 tt-
835 4141 971 4192 interrenit
986 4160 1122 4194 consensus
1139 4153 1291 4212 perentam,
1303 4143 1351 4195 ssi·

276 4221 332 4270 iam
345 4221 400 4270 ibit.
414 4220 474 4270 Non
493 4217 604 4289 protecto
624 4215 720 4285 turpius
732 4227 785 4268 eret
834 4217 887 4271 isses
896 4235 974 4285 quum
983 4218 1005 4270 ii
1012 4218 1179 4284 interfuerint,
1186 4219 1259 4288 queis
1269 4221 1350 4292 euspi-
