2842 4812
286 436 349 502 308
612 435 659 499 M.
686 429 832 500 ANNAEI
856 431 1036 500 suesce

286 564 416 630 istisne
430 560 569 628 fecerim
577 607 588 644 ,
603 557 795 636 videbimus
808 583 817 640 ς
830 559 910 626 satis
922 573 994 642 est,
1011 562 1041 627 si
1055 580 1135 629 suna
1150 581 1263 632 mente
1279 565 1359 634 [sei.

283 674 434 758 Deinde,
451 674 505 742 An
523 675 573 742 sie
589 673 694 740 filiam
707 671 873 741 collocare
890 672 1061 744 debuerit.
1078 679 1154 745 Hoc
1166 679 1201 744 in
1217 678 1294 747 hmc
1304 677 1361 746 di-

283 793 376 860 visit.
396 792 470 872 An,
487 791 587 858 etism
609 789 637 856 si
660 789 931 870 meruissemus,
957 811 1025 858 non
1046 807 1158 860 tumen
1174 795 1225 862 sic
1238 795 1290 863 illi
1303 818 1361 873 re·

282 903 423 974 ferenda
447 903 551 972 fuerit
574 905 695 996 gratia.
725 903 879 988 Deinde,
906 902 961 970 An
986 905 1072 975 bene
1097 909 1274 976 meruerit.
1304 910 1361 980 Dc

283 1022 370 1091 secte
389 1021 479 1090 servi
493 1021 642 1114 primum
656 1019 841 1112 disputavit
855 1044 862 1084 :
876 1017 1001 1090 deinde
1016 1017 1060 1088 de
1072 1024 1200 1094 animo.
1214 1025 1359 1094 Factum

282 1137 408 1230 quale?
426 1136 503 1204 Non
519 1131 690 1202 dominam
703 1134 947 1226 constupravit.
971 1138 1068 1230 Auge
1083 1136 1249 1206 beneficis
1268 1165 1277 1204 ι
1296 1161 1360 1207 nec

280 1253 453 1322 dominum
475 1244 621 1330 occidit,
638 1267 705 1314 nec
722 1246 858 1314 domino
877 1269 1047 1318 venenum
1065 1249 1195 1320 dedita
1211 1254 1290 1320 Non
1308 1269 1362 1321 est

281 1366 508 1447 beneficium,
532 1362 660 1431 scelere
682 1360 868 1430 abstinere.
885 1363 928 1430 Et
951 1377 1116 1456 tyrannus
1130 1367 1287 1458 permisit
1299 1364 1361 1436 do-

284 1485 410 1552 minnm
424 1502 558 1574 rapere,
577 1500 648 1546 non
661 1477 781 1570 coegit.
797 1477 849 1546 De
860 1474 926 1548 hoc
937 1476 1105 1550 beneficio
1119 1504 1189 1551 non
1202 1482 1359 1580 estquod

277 1599 553 1669 iaudes'servum
571 1621 579 1662 ι
595 1593 749 1687 alioquin
762 1593 922 1688 injuriam
935 1594 1038 1688 fecit,
1057 1597 1086 1664 si
1103 1615 1172 1666 non
1190 1597 1358 1670 subducte

280 1733 332 1785 est
348 1715 502 1810 injurie,
522 1709 583 1780 sed
599 1727 769 1780 reservata
785 1725 890 1791 stunc
911 1727 1022 1782 tumen
1040 1713 1196 1784 solatium
1214 1715 1355 1801 fuisset,

278 1855 357 1901 cum
371 1829 490 1899 multis
504 1829 589 1922 pati.
604 1828 782 1919 Denique,
803 1823 897 1918 quod
908 1825 985 1895 aliae
1002 1827 1041 1895 iu
1057 1829 1239 1920 tyrannide
1251 1853 1357 1925 passe

278 1963 373 2031 sunt,
392 1945 464 2016 brec
479 1947 516 2012 in
532 1941 690 2012 libertate
706 1968 714 2009 ε
729 1957 858 2010 cmtetae
873 1941 1071 2030 absentibus
1084 1946 1165 2031 suis,
1179 1945 1254 2036 baec
1269 1972 1356 2041 pre-

247 2069 249 2077 *
278 2061 446 2131 sentibus.
471 2061 513 2128 Iu
540 2057 618 2127 eliis
638 2076 793 2152 stuprum
816 2058 1021 2142 mechatur,
1044 2061 1081 2128 in
1097 2061 1164 2130 hac
1181 2064 1357 2132 matrime-

276 2180 372 2248 nium
391 2199 400 2246 ε
417 2179 453 2244 in
469 2175 546 2246 aliis
555 2174 641 2244 'finis
655 2173 911 2268 exspectabatur
924 2176 1072 2270 injurie,
1089 2179 1127 2246 in
1140 2176 1206 2250 hnc
1219 2179 1354 2265 nullum

276 2295 428 2388 denique
444 2294 580 2364 illarum
594 2308 804 2386 stupratores
816 2293 930 2361 suffixi
945 2310 1042 2380 snut,
1058 2294 1161 2388 hujus
1175 2301 1357 2368 manumis-

275 2433 346 2480 sus.
364 2408 499 2485 Deinde
517 2407 561 2478 de
578 2410 692 2478 auimo
709 2415 813 2478 servi.

325 2527 490 2598 COLOR.
516 2530 629 2596 huno
653 2524 802 2594 colorem
818 2547 840 2593 s
857 2541 955 2620 perte
977 2525 1060 2612 titii,
1081 2549 1187 2618 quare
1211 2550 1282 2596 nen
1303 2530 1354 2597 si-

276 2644 393 2728 tiasset
420 2664 559 2720 servus,
588 2640 682 2710 bunc
706 2639 788 2708 fecit
808 2639 984 2708 :timuisse
1007 2639 1102 2708 illum
1123 2639 1351 2736 supplicium,

278 2761 381 2827 scisse
399 2758 574 2838 futurum,
596 2773 634 2824 ut
652 2755 795 2824 liberata
809 2778 885 2848 rep.
907 2778 1023 2828 omnes
1039 2779 1168 2852 poenas,
1189 2761 1250 2850 qui
1269 2783 1354 2831 con-

280 2877 496 2944 taminassent
511 2871 666 2940 dominas
677 2896 768 2958 suas,
784 2869 907 2940 darent
923 2898 932 2940 t
947 2888 981 2940 et
992 2872 1174 2942 adventare
1182 2875 1253 2970 jam
1269 2893 1357 2944 tem-

279 3015 344 3084 pus
355 2989 511 3059 ultimum
524 2983 915 3082 tymnnidis'videbetun
928 2964 1258 3084 qudmsdsummnm
1269 3011 1356 3064 esset

166 3119 170 3127 '
276 3103 441 3201 perducta
456 3101 583 3174 rabiem
604 3131 611 3174 :
629 3129 705 3202 quae
721 3127 896 3200 nunquam
912 3105 1033 3174 nisiex
1049 3105 1287 3206 desperatione
1301 3111 1350 3180 fit.

279 3223 398 3316 Itaque
409 3247 514 3314 quum
526 3223 676 3308 videret,
691 3225 824 3315 inquit,
838 3219 953 3316 suffigi
968 3225 1063 3291 cruci
1080 3241 1211 3309 sessos,
1224 3221 1354 3295 cluma-

279 3337 337 3406 bet
353 3365 361 3406 :
376 3339 448 3407 Hoc
462 3363 526 3435 ego
540 3337 690 3408 futurum
707 3333 868 3408 sciebam.
887 3339 927 3407 In
940 3337 1059 3408 ultima
1073 3339 1228 3410 oratione
1243 3319 1353 3410 Lisso

278 3453 364 3522 dixit
379 3483 387 3523 ι
401 3455 497 3525 Servi
512 3481 649 3549 quoque
665 3453 802 3524 nominc
816 3472 927 3522 tecum
943 3453 1040 3547 queri
1053 3473 1188 3548 possum
1207 3482 1215 3524 ι
1230 3475 1350 3550 quem,

278 3570 339 3663 qui
356 3571 449 3666 frugi
468 3571 597 3656 fuerat,
620 3597 764 3665 nequem
786 3571 907 3640 iecisti.
1012 3579 1016 3587 “

327 3687 488 3756 Absumus
519 3689 584 3758 hcc
615 3690 728 3758 colore
753 3683 833 3759 usus
859 3705 923 3757 est.
954 3687 1136 3758 Immaturs
1166 3689 1354 3760 etiamnum

313 3875 334 3908 r.
352 3857 488 3909 Venenum
507 3857 586 3908 dedit.
605 3857 691 3928 inepte
717 3857 789 3922 bec3
839 3852 974 3928 significat·
992 3881 1026 3896 ···
1042 3856 1103 3909 Non
1122 3865 1161 3908 es!
1180 3857 1352 3927 benficium,

215 3931 217 3938 ⁴
277 3933 491 3991 beneventum
504 3935 634 3988 adstiteris
654 3935 791 3989 dominam
840 3937 933 3986 scelere
943 3931 1172 3996 absum-‘dees
1185 3934 1278 3988 Cicero
1290 3935 1356 3988 rsi-

274 4011 465 4077 wnwndedtu
488 4019 601 4084 p'otueret
627 4010 695 4064 enim
719 4010 789 4070 illum
839 4010 900 4084 lipp.
912 4012 956 4078 11,
968 4013 999 4064 ds
1011 4009 1048 4066 Μ.
1062 4011 1179 4066 Antonio
1196 4012 1250 4078 sit,
1263 4013 1356 4086 iugrsti

274 4087 438 4152 adulterum,
448 4089 578 4163 veipretie
588 4088 686 4144 tradere
697 4089 724 4142 iu
735 4109 789 4144 rut-
838 4110 864 4144 ss
875 4109 1016 4157 accusasse,
1030 4091 1099 4163 quod
1109 4092 1189 4144 vitem
1201 4111 1283 4161 quum
1296 4111 1356 4167 pos·

271 4165 437 4234 stimonium
455 4169 526 4238 «pund
544 4180 627 4222 nostre
641 4168 788 4224 emendatio
838 4185 888 4238 ser,
902 4183 954 4226 nod
973 4171 1109 4230 serenius
1122 4189 1129 4228 t
1142 4173 1214 4243 qued
1227 4173 1299 4228 idem
1314 4174 1354 4225 ls-
