<?xml version="1.0" encoding="UTF-8"?>
<!DOCTYPE html PUBLIC "-//W3C//DTD XHTML 1.0 Transitional//EN"
    "http://www.w3.org/TR/xhtml1/DTD/xhtml1-transitional.dtd">
<html xmlns="http://www.w3.org/1999/xhtml" xml:lang="en" lang="en">
 <head>
  <title>
</title>
<meta http-equiv="Content-Type" content="text/html;charset=utf-8" />
  <meta name='ocr-system' content='tesseract 3.04.00' />
  <meta name='ocr-capabilities' content='ocr_page ocr_carea ocr_par ocr_line ocrx_word'/>
</head>
<body>
  <div class='ocr_page' id='page_1' title='image "./lannsenecparspr00bouigoog_0054.png"; bbox 0 0 2876 4804; ppageno 0'>
   <div class='ocr_carea' id='block_1_1' title="bbox 347 367 1078 452">
    <p class='ocr_par' dir='ltr' id='par_1_1' title="bbox 347 367 1078 452">
     <span class='ocr_line' id='line_1_1' title="bbox 347 367 1078 452; baseline -0.007 -12"><span class='ocrx_word' id='word_1_1' title='bbox 347 371 394 452; x_wconf 77' lang='grc' dir='ltr'>ιο</span> <span class='ocrx_word' id='word_1_2' title='bbox 665 370 802 441; x_wconf 78' lang='lat' dir='ltr'>anua.</span> <span class='ocrx_word' id='word_1_3' title='bbox 829 367 1078 452; x_wconf 76' lang='lat' dir='ltr'>sonamus,</span> 
     </span>
    </p>
   </div>
   <div class='ocr_carea' id='block_1_2' title="bbox 302 487 1402 3962">
    <p class='ocr_par' dir='ltr' id='par_1_2' title="bbox 302 487 1401 2678">
     <span class='ocr_line' id='line_1_2' title="bbox 347 487 1400 579; baseline 0.005 -26"><span class='ocrx_word' id='word_1_4' title='bbox 347 487 627 564; x_wconf 84' lang='lat' dir='ltr'>contemnendum.</span> <span class='ocrx_word' id='word_1_5' title='bbox 650 488 732 556; x_wconf 85' lang='lat' dir='ltr'><strong>Item</strong></span> <span class='ocrx_word' id='word_1_6' title='bbox 749 489 911 576; x_wconf 83' lang='lat' dir='ltr'>Calpurnii</span> <span class='ocrx_word' id='word_1_7' title='bbox 929 488 1032 554; x_wconf 85' lang='lat' dir='ltr'><strong>Flacci</strong></span> <span class='ocrx_word' id='word_1_8' title='bbox 1047 488 1297 574; x_wconf 83' lang='lat' dir='ltr'>Declamationes</span> <span class='ocrx_word' id='word_1_9' title='bbox 1315 497 1400 579; x_wconf 69' lang='lat' dir='ltr'>ejus</span> 
     </span>
     <span class='ocr_line' id='line_1_3' title="bbox 337 591 1400 683; baseline 0.004 -25"><span class='ocrx_word' id='word_1_10' title='bbox 337 593 421 661; x_wconf 84' lang='lat' dir='ltr'>-dem</span> <span class='ocrx_word' id='word_1_11' title='bbox 432 593 546 658; x_wconf 90' lang='lat' dir='ltr'>Pithoei</span> <span class='ocrx_word' id='word_1_12' title='bbox 557 591 713 661; x_wconf 80' lang='lat' dir='ltr'>beneficio</span> <span class='ocrx_word' id='word_1_13' title='bbox 724 594 843 683; x_wconf 89' lang='lat' dir='ltr'>publici</span> <span class='ocrx_word' id='word_1_14' title='bbox 853 594 933 680; x_wconf 87' lang='lat' dir='ltr'>juris</span> <span class='ocrx_word' id='word_1_15' title='bbox 945 594 1042 659; x_wconf 87' lang='lat' dir='ltr'>factae.</span> <span class='ocrx_word' id='word_1_16' title='bbox 1054 595 1133 677; x_wconf 84' lang='lat' dir='ltr'>Quae</span> <span class='ocrx_word' id='word_1_17' title='bbox 1145 597 1229 660; x_wconf 85' lang='lat' dir='ltr'>enim</span> <span class='ocrx_word' id='word_1_18' title='bbox 1239 597 1400 664; x_wconf 81' lang='lat' dir='ltr'>Oratoriis</span> 
     </span>
     <span class='ocr_line' id='line_1_4' title="bbox 346 698 1401 789; baseline 0.006 -27"><span class='ocrx_word' id='word_1_19' title='bbox 346 698 530 783; x_wconf 76' lang='lat' dir='ltr'>Quintiliani</span> <span class='ocrx_word' id='word_1_20' title='bbox 555 699 809 768; x_wconf 86' lang='lat' dir='ltr'>Institutionibus</span> <span class='ocrx_word' id='word_1_21' title='bbox 827 700 924 789; x_wconf 82' lang='lat' dir='ltr'>vulgo</span> <span class='ocrx_word' id='word_1_22' title='bbox 944 701 1170 786; x_wconf 81' lang='lat' dir='ltr'>subjiciuntur,</span> <span class='ocrx_word' id='word_1_23' title='bbox 1185 701 1267 766; x_wconf 87' lang='lat' dir='ltr'>adeo</span> <span class='ocrx_word' id='word_1_24' title='bbox 1276 707 1401 788; x_wconf 81' lang='lat' dir='ltr'>jejunae</span> 
     </span>
     <span class='ocr_line' id='line_1_5' title="bbox 347 805 1399 897; baseline 0.005 -27"><span class='ocrx_word' id='word_1_25' title='bbox 347 821 440 886; x_wconf 87' lang='lat' dir='ltr'>sunt,</span> <span class='ocrx_word' id='word_1_26' title='bbox 453 819 548 892; x_wconf 80' lang='lat' dir='ltr'>atque</span> <span class='ocrx_word' id='word_1_27' title='bbox 562 828 581 868; x_wconf 86' lang='lat' dir='ltr'>a</span> <span class='ocrx_word' id='word_1_28' title='bbox 594 805 711 885; x_wconf 84' lang='lat' dir='ltr'>rebus,</span> <span class='ocrx_word' id='word_1_29' title='bbox 728 805 844 893; x_wconf 89' lang='lat' dir='ltr'>quibus</span> <span class='ocrx_word' id='word_1_30' title='bbox 855 807 980 870; x_wconf 86' lang='lat' dir='ltr'>Rhetor</span> <span class='ocrx_word' id='word_1_31' title='bbox 993 807 1045 872; x_wconf 92' lang='lat' dir='ltr'>ille</span> <span class='ocrx_word' id='word_1_32' title='bbox 1060 806 1249 889; x_wconf 85' lang='lat' dir='ltr'>abundavit,</span> <span class='ocrx_word' id='word_1_33' title='bbox 1261 810 1399 897; x_wconf 79' lang='lat' dir='ltr'>inopes,</span> 
     </span>
     <span class='ocr_line' id='line_1_6' title="bbox 347 911 1401 1002; baseline 0.004 -27"><span class='ocrx_word' id='word_1_34' title='bbox 347 926 384 976; x_wconf 92' lang='lat' dir='ltr'>ut</span> <span class='ocrx_word' id='word_1_35' title='bbox 394 912 525 986; x_wconf 83' lang='lat' dir='ltr'>aratoris</span> <span class='ocrx_word' id='word_1_36' title='bbox 535 912 657 999; x_wconf 84' lang='lat' dir='ltr'>potius,</span> <span class='ocrx_word' id='word_1_37' title='bbox 674 935 769 999; x_wconf 87' lang='lat' dir='ltr'>quam</span> <span class='ocrx_word' id='word_1_38' title='bbox 780 913 913 976; x_wconf 88' lang='lat' dir='ltr'>oratoris</span> <span class='ocrx_word' id='word_1_39' title='bbox 920 934 1002 994; x_wconf 85' lang='lat' dir='ltr'>esse,</span> <span class='ocrx_word' id='word_1_40' title='bbox 1013 911 1134 993; x_wconf 89' lang='lat' dir='ltr'>nedum</span> <span class='ocrx_word' id='word_1_41' title='bbox 1145 915 1228 999; x_wconf 86' lang='lat' dir='ltr'>ejus,</span> <span class='ocrx_word' id='word_1_42' title='bbox 1242 917 1297 1002; x_wconf 89' lang='lat' dir='ltr'>qui</span> <span class='ocrx_word' id='word_1_43' title='bbox 1310 916 1401 979; x_wconf 91' lang='lat' dir='ltr'>bene</span> 
     </span>
     <span class='ocr_line' id='line_1_7' title="bbox 347 1013 1400 1107; baseline 0.004 -27"><span class='ocrx_word' id='word_1_44' title='bbox 347 1013 475 1080; x_wconf 88' lang='lat' dir='ltr'>dicendi</span> <span class='ocrx_word' id='word_1_45' title='bbox 496 1031 653 1104; x_wconf 80' lang='lat' dir='ltr'>praecepta</span> <span class='ocrx_word' id='word_1_46' title='bbox 673 1015 907 1102; x_wconf 74' lang='lat' dir='ltr'>jucundissimo</span> <span class='ocrx_word' id='word_1_47' title='bbox 930 1018 1012 1104; x_wconf 74' lang='lat' dir='ltr'>stylo</span> <span class='ocrx_word' id='word_1_48' title='bbox 1035 1019 1253 1107; x_wconf 75' lang='lat' dir='ltr'>acerrimoque</span> <span class='ocrx_word' id='word_1_49' title='bbox 1271 1019 1400 1106; x_wconf 89' lang='lat' dir='ltr'>judicio</span> 
     </span>
     <span class='ocr_line' id='line_1_8' title="bbox 347 1120 1401 1215; baseline 0.007 -31"><span class='ocrx_word' id='word_1_50' title='bbox 347 1137 585 1209; x_wconf 82' lang='lat' dir='ltr'>pertractasset,</span> <span class='ocrx_word' id='word_1_51' title='bbox 608 1120 768 1187; x_wconf 86' lang='lat' dir='ltr'>audaciter</span> <span class='ocrx_word' id='word_1_52' title='bbox 790 1121 866 1186; x_wconf 90' lang='lat' dir='ltr'>olim</span> <span class='ocrx_word' id='word_1_53' title='bbox 896 1123 1082 1211; x_wconf 88' lang='lat' dir='ltr'>Philelphus</span> <span class='ocrx_word' id='word_1_54' title='bbox 1106 1123 1264 1209; x_wconf 79' lang='lat' dir='ltr'>judicarit</span> <span class='ocrx_word' id='word_1_55' title='bbox 1284 1127 1401 1215; x_wconf 83' lang='lat' dir='ltr'>Apage</span> 
     </span>
     <span class='ocr_line' id='line_1_9' title="bbox 347 1215 1400 1309; baseline 0.005 -25"><span class='ocrx_word' id='word_1_56' title='bbox 347 1223 387 1284; x_wconf 90' lang='lat' dir='ltr'>sis</span> <span class='ocrx_word' id='word_1_57' title='bbox 415 1221 527 1308; x_wconf 86' lang='lat' dir='ltr'>igitur,</span> <span class='ocrx_word' id='word_1_58' title='bbox 551 1243 625 1291; x_wconf 92' lang='lat' dir='ltr'>cum</span> <span class='ocrx_word' id='word_1_59' title='bbox 644 1220 693 1286; x_wconf 87' lang='lat' dir='ltr'>his</span> <span class='ocrx_word' id='word_1_60' title='bbox 709 1221 823 1309; x_wconf 82' lang='lat' dir='ltr'>ineptis</span> <span class='ocrx_word' id='word_1_61' title='bbox 849 1215 963 1308; x_wconf 80' lang='grc' dir='ltr'><strong>λόγοις,</strong></span> <span class='ocrx_word' id='word_1_62' title='bbox 997 1223 1052 1309; x_wconf 91' lang='lat' dir='ltr'>qui</span> <span class='ocrx_word' id='word_1_63' title='bbox 1070 1221 1191 1297; x_wconf 85' lang='lat' dir='ltr'>Volusii</span> <span class='ocrx_word' id='word_1_64' title='bbox 1200 1223 1400 1307; x_wconf 87' lang='lat' dir='ltr'>Annalibus,</span> 
     </span>
     <span class='ocr_line' id='line_1_10' title="bbox 347 1325 1400 1416; baseline 0.004 -26"><span class='ocrx_word' id='word_1_65' title='bbox 347 1342 403 1393; x_wconf 87' lang='lat' dir='ltr'>aut</span> <span class='ocrx_word' id='word_1_66' title='bbox 412 1326 619 1413; x_wconf 87' lang='lat' dir='ltr'>Antiphontis</span> <span class='ocrx_word' id='word_1_67' title='bbox 628 1325 716 1390; x_wconf 87' lang='lat' dir='ltr'>libris</span> <span class='ocrx_word' id='word_1_68' title='bbox 725 1326 931 1416; x_wconf 81' lang='lat' dir='ltr'>Somniorum</span> <span class='ocrx_word' id='word_1_69' title='bbox 937 1327 1038 1414; x_wconf 91' lang='lat' dir='ltr'>plenis</span> <span class='ocrx_word' id='word_1_70' title='bbox 1047 1327 1147 1391; x_wconf 91' lang='lat' dir='ltr'>nihilo</span> <span class='ocrx_word' id='word_1_71' title='bbox 1159 1329 1222 1391; x_wconf 90' lang='lat' dir='ltr'>sint</span> <span class='ocrx_word' id='word_1_72' title='bbox 1232 1329 1400 1410; x_wconf 84' lang='lat' dir='ltr'>meliores,</span> 
     </span>
     <span class='ocr_line' id='line_1_11' title="bbox 349 1424 1401 1520; baseline 0.005 -25"><span class='ocrx_word' id='word_1_73' title='bbox 349 1455 430 1518; x_wconf 88' lang='lat' dir='ltr'>quos</span> <span class='ocrx_word' id='word_1_74' title='bbox 444 1432 551 1519; x_wconf 86' lang='lat' dir='ltr'>legere</span> <span class='ocrx_word' id='word_1_75' title='bbox 568 1453 665 1494; x_wconf 89' lang='lat' dir='ltr'>nemo</span> <span class='ocrx_word' id='word_1_76' title='bbox 679 1433 827 1514; x_wconf 87' lang='lat' dir='ltr'>sustinet,</span> <span class='ocrx_word' id='word_1_77' title='bbox 846 1433 905 1495; x_wconf 92' lang='lat' dir='ltr'>nisi</span> <span class='ocrx_word' id='word_1_78' title='bbox 917 1434 972 1520; x_wconf 92' lang='lat' dir='ltr'>qui</span> <span class='ocrx_word' id='word_1_79' title='bbox 991 1449 1023 1496; x_wconf 86' lang='lat' dir='ltr'>et</span> <span class='ocrx_word' id='word_1_80' title='bbox 1037 1434 1122 1514; x_wconf 91' lang='lat' dir='ltr'>otio,</span> <span class='ocrx_word' id='word_1_81' title='bbox 1143 1424 1174 1497; x_wconf 83' lang='lat' dir='ltr'>et</span> <span class='ocrx_word' id='word_1_82' title='bbox 1184 1435 1292 1498; x_wconf 86' lang='lat' dir='ltr'>litteris</span> <span class='ocrx_word' id='word_1_83' title='bbox 1309 1436 1401 1500; x_wconf 90' lang='lat' dir='ltr'>abuti</span> 
     </span>
     <span class='ocr_line' id='line_1_12' title="bbox 347 1536 1401 1628; baseline 0.002 -26"><span class='ocrx_word' id='word_1_84' title='bbox 347 1537 431 1602; x_wconf 86' lang='lat' dir='ltr'>velit.</span> <span class='ocrx_word' id='word_1_85' title='bbox 448 1536 545 1620; x_wconf 83' lang='lat' dir='ltr'>Quasi</span> <span class='ocrx_word' id='word_1_86' title='bbox 557 1561 650 1618; x_wconf 84' lang='lat' dir='ltr'>vero,</span> <span class='ocrx_word' id='word_1_87' title='bbox 661 1538 720 1624; x_wconf 91' lang='lat' dir='ltr'>qui</span> <span class='ocrx_word' id='word_1_88' title='bbox 731 1539 796 1602; x_wconf 88' lang='lat' dir='ltr'>aliis</span> <span class='ocrx_word' id='word_1_89' title='bbox 807 1554 958 1625; x_wconf 81' lang='lat' dir='ltr'>tanquam</span> <span class='ocrx_word' id='word_1_90' title='bbox 971 1538 1069 1627; x_wconf 82' lang='lat' dir='ltr'>digito</span> <span class='ocrx_word' id='word_1_91' title='bbox 1078 1538 1225 1628; x_wconf 86' lang='lat' dir='ltr'>parandae</span> <span class='ocrx_word' id='word_1_92' title='bbox 1236 1540 1401 1628; x_wconf 86' lang='lat' dir='ltr'>Eloquen-</span> 
     </span>
     <span class='ocr_line' id='line_1_13' title="bbox 347 1645 1401 1737; baseline 0.002 -27"><span class='ocrx_word' id='word_1_93' title='bbox 347 1647 398 1710; x_wconf 84' lang='lat' dir='ltr'>tiae</span> <span class='ocrx_word' id='word_1_94' title='bbox 416 1647 498 1709; x_wconf 86' lang='lat' dir='ltr'>viam</span> <span class='ocrx_word' id='word_1_95' title='bbox 522 1645 693 1731; x_wconf 83' lang='lat' dir='ltr'>fontesque</span> <span class='ocrx_word' id='word_1_96' title='bbox 718 1645 890 1709; x_wconf 90' lang='lat' dir='ltr'>commode</span> <span class='ocrx_word' id='word_1_97' title='bbox 912 1646 1103 1727; x_wconf 89' lang='lat' dir='ltr'>ostenderit,</span> <span class='ocrx_word' id='word_1_98' title='bbox 1126 1648 1249 1737; x_wconf 80' lang='lat' dir='ltr'>ingredi</span> <span class='ocrx_word' id='word_1_99' title='bbox 1271 1649 1340 1736; x_wconf 90' lang='lat' dir='ltr'>ipse</span> <span class='ocrx_word' id='word_1_100' title='bbox 1368 1665 1401 1712; x_wconf 87' lang='lat' dir='ltr'>et</span> 
     </span>
     <span class='ocr_line' id='line_1_14' title="bbox 302 1751 1400 1843; baseline 0.004 -28"><span class='ocrx_word' id='word_1_101' title='bbox 302 1761 314 1775; x_wconf 85' lang='grc'><em>“</em></span> <span class='ocrx_word' id='word_1_102' title='bbox 349 1752 478 1816; x_wconf 87' lang='lat' dir='ltr'>haurire</span> <span class='ocrx_word' id='word_1_103' title='bbox 492 1774 559 1815; x_wconf 93' lang='lat' dir='ltr'>non</span> <span class='ocrx_word' id='word_1_104' title='bbox 574 1751 735 1838; x_wconf 79' lang='lat' dir='ltr'>potuerit?</span> <span class='ocrx_word' id='word_1_105' title='bbox 756 1752 837 1815; x_wconf 69' lang='lat' dir='ltr'>Greci</span> <span class='ocrx_word' id='word_1_106' title='bbox 855 1753 951 1841; x_wconf 79' lang='lat' dir='ltr'>igitur</span> <span class='ocrx_word' id='word_1_107' title='bbox 966 1753 1006 1818; x_wconf 91' lang='lat' dir='ltr'>de</span> <span class='ocrx_word' id='word_1_108' title='bbox 1020 1754 1108 1818; x_wconf 81' lang='lat' dir='ltr'>caecis</span> <span class='ocrx_word' id='word_1_109' title='bbox 1124 1753 1248 1843; x_wconf 84' lang='lat' dir='ltr'>legant,</span> <span class='ocrx_word' id='word_1_110' title='bbox 1268 1777 1329 1843; x_wconf 92' lang='lat' dir='ltr'>per</span> <span class='ocrx_word' id='word_1_111' title='bbox 1343 1778 1400 1819; x_wconf 88' lang='lat' dir='ltr'>me</span> 
     </span>
     <span class='ocr_line' id='line_1_15' title="bbox 334 1856 1399 1948; baseline 0.004 -28"><span class='ocrx_word' id='word_1_112' title='bbox 334 1857 437 1948; x_wconf 69' lang='lat' dir='ltr'>lictu,</span> <span class='ocrx_word' id='word_1_113' title='bbox 449 1879 501 1920; x_wconf 90' lang='lat' dir='ltr'>me</span> <span class='ocrx_word' id='word_1_114' title='bbox 515 1879 590 1920; x_wconf 87' lang='lat' dir='ltr'>sane</span> <span class='ocrx_word' id='word_1_115' title='bbox 603 1856 733 1935; x_wconf 84' lang='lat' dir='ltr'>rivalem</span> <span class='ocrx_word' id='word_1_116' title='bbox 747 1879 813 1920; x_wconf 92' lang='lat' dir='ltr'>non</span> <span class='ocrx_word' id='word_1_117' title='bbox 827 1856 1002 1922; x_wconf 73' lang='lat' dir='ltr'>habebunt</span> <span class='ocrx_word' id='word_1_118' title='bbox 1021 1858 1144 1923; x_wconf 89' lang='lat' dir='ltr'>Verum</span> <span class='ocrx_word' id='word_1_119' title='bbox 1159 1882 1200 1924; x_wconf 90' lang='lat' dir='ltr'>ne</span> <span class='ocrx_word' id='word_1_120' title='bbox 1215 1859 1293 1947; x_wconf 92' lang='lat' dir='ltr'>quid</span> <span class='ocrx_word' id='word_1_121' title='bbox 1308 1859 1399 1924; x_wconf 81' lang='lat' dir='ltr'>dissi-</span> 
     </span>
     <span class='ocr_line' id='line_1_16' title="bbox 351 1961 1400 2052; baseline 0.004 -27"><span class='ocrx_word' id='word_1_122' title='bbox 351 1961 503 2025; x_wconf 86' lang='lat' dir='ltr'>mulando</span> <span class='ocrx_word' id='word_1_123' title='bbox 514 1961 853 2050; x_wconf 77' lang='lat' dir='ltr'>praevaricari&#39;videar‚</span> <span class='ocrx_word' id='word_1_124' title='bbox 870 1963 902 2052; x_wconf 88' lang='lat' dir='ltr'>in</span> <span class='ocrx_word' id='word_1_125' title='bbox 919 1985 958 2026; x_wconf 91' lang='lat' dir='ltr'>eo</span> <span class='ocrx_word' id='word_1_126' title='bbox 976 1965 1131 2052; x_wconf 86' lang='lat' dir='ltr'>scriptore</span> <span class='ocrx_word' id='word_1_127' title='bbox 1143 1966 1264 2028; x_wconf 85' lang='lat' dir='ltr'>variant</span> <span class='ocrx_word' id='word_1_128' title='bbox 1280 1966 1400 2030; x_wconf 87' lang='lat' dir='ltr'>Critici.</span> 
     </span>
     <span class='ocr_line' id='line_1_17' title="bbox 350 2052 1399 2163; baseline 0.007 -34"><span class='ocrx_word' id='word_1_129' title='bbox 350 2067 526 2131; x_wconf 89' lang='lat' dir='ltr'>Trebellius</span> <span class='ocrx_word' id='word_1_130' title='bbox 536 2067 620 2131; x_wconf 89' lang='lat' dir='ltr'>enim</span> <span class='ocrx_word' id='word_1_131' title='bbox 629 2068 731 2132; x_wconf 92' lang='lat' dir='ltr'>Pollio</span> <span class='ocrx_word' id='word_1_132' title='bbox 743 2068 842 2131; x_wconf 87' lang='lat' dir='ltr'>refert</span> <span class='ocrx_word' id='word_1_133' title='bbox 856 2069 1056 2132; x_wconf 90' lang='lat' dir='ltr'>Postumium</span> <span class='ocrx_word' id='word_1_134' title='bbox 1066 2055 1233 2156; x_wconf 87' lang='lat' dir='ltr'>juniorem</span> <span class='ocrx_word' id='word_1_135' title='bbox 1242 2073 1285 2163; x_wconf 83' lang='lat' dir='ltr'>ita</span> <span class='ocrx_word' id='word_1_136' title='bbox 1300 2052 1399 2136; x_wconf 69' lang='lat' dir='ltr'>diseo</span> 
     </span>
     <span class='ocr_line' id='line_1_18' title="bbox 352 2173 1400 2261; baseline 0.004 -24"><span class='ocrx_word' id='word_1_137' title='bbox 352 2189 421 2237; x_wconf 91' lang='lat' dir='ltr'>tum</span> <span class='ocrx_word' id='word_1_138' title='bbox 437 2173 551 2253; x_wconf 85' lang='lat' dir='ltr'>fuisse,</span> <span class='ocrx_word' id='word_1_139' title='bbox 573 2189 609 2237; x_wconf 91' lang='lat' dir='ltr'>ut</span> <span class='ocrx_word' id='word_1_140' title='bbox 621 2197 721 2261; x_wconf 91' lang='lat' dir='ltr'>quum</span> <span class='ocrx_word' id='word_1_141' title='bbox 743 2176 811 2259; x_wconf 88' lang='lat' dir='ltr'>ejus</span> <span class='ocrx_word' id='word_1_142' title='bbox 826 2174 1057 2237; x_wconf 84' lang='lat' dir='ltr'>Controversiae</span> <span class='ocrx_word' id='word_1_143' title='bbox 1075 2177 1257 2240; x_wconf 86' lang='lat' dir='ltr'>acutissimis</span> <span class='ocrx_word' id='word_1_144' title='bbox 1271 2176 1400 2258; x_wconf 86' lang='lat' dir='ltr'>Quinti·</span> 
     </span>
     <span class='ocr_line' id='line_1_19' title="bbox 352 2279 1400 2364; baseline 0.005 -22"><span class='ocrx_word' id='word_1_145' title='bbox 352 2279 426 2342; x_wconf 91' lang='lat' dir='ltr'>liani</span> <span class='ocrx_word' id='word_1_146' title='bbox 439 2279 670 2360; x_wconf 86' lang='lat' dir='ltr'>insererentur,</span> <span class='ocrx_word' id='word_1_147' title='bbox 689 2302 756 2344; x_wconf 91' lang='lat' dir='ltr'>non</span> <span class='ocrx_word' id='word_1_148' title='bbox 770 2295 850 2364; x_wconf 85' lang='lat' dir='ltr'>esset</span> <span class='ocrx_word' id='word_1_149' title='bbox 861 2279 950 2343; x_wconf 82' lang='lat' dir='ltr'>facile</span> <span class='ocrx_word' id='word_1_150' title='bbox 964 2280 1029 2344; x_wconf 81' lang='lat' dir='ltr'>illas</span> <span class='ocrx_word' id='word_1_151' title='bbox 1040 2281 1267 2362; x_wconf 82' lang='lat' dir='ltr'>internoscere.</span> <span class='ocrx_word' id='word_1_152' title='bbox 1286 2283 1325 2360; x_wconf 84' lang='lat' dir='ltr'>In</span> <span class='ocrx_word' id='word_1_153' title='bbox 1345 2307 1400 2347; x_wconf 85' lang='lat' dir='ltr'>ve-</span> 
     </span>
     <span class='ocr_line' id='line_1_20' title="bbox 352 2369 1400 2474; baseline 0.007 -26"><span class='ocrx_word' id='word_1_154' title='bbox 352 2369 473 2450; x_wconf 84' lang='lat' dir='ltr'>teribus</span> <span class='ocrx_word' id='word_1_155' title='bbox 484 2386 571 2450; x_wconf 89' lang='lat' dir='ltr'>libris</span> <span class='ocrx_word' id='word_1_156' title='bbox 577 2385 621 2449; x_wconf 88' lang='lat' dir='ltr'>M.</span> <span class='ocrx_word' id='word_1_157' title='bbox 635 2384 733 2450; x_wconf 90' lang='lat' dir='ltr'>Floro</span> <span class='ocrx_word' id='word_1_158' title='bbox 744 2385 969 2466; x_wconf 83' lang='lat' dir='ltr'>inscribi‚sunt</span> <span class='ocrx_word' id='word_1_159' title='bbox 984 2388 1040 2474; x_wconf 89' lang='lat' dir='ltr'>qui</span> <span class='ocrx_word' id='word_1_160' title='bbox 1051 2387 1084 2450; x_wconf 87' lang='lat' dir='ltr'>iu</span> <span class='ocrx_word' id='word_1_161' title='bbox 1095 2387 1196 2456; x_wconf 84' lang='lat' dir='ltr'>Variis</span> <span class='ocrx_word' id='word_1_162' title='bbox 1207 2387 1369 2470; x_wconf 84' lang='lat' dir='ltr'>affirment</span> <span class='ocrx_word' id='word_1_163' title='bbox 1379 2405 1400 2455; x_wconf 92' lang='lat'>¹.</span> 
     </span>
     <span class='ocr_line' id='line_1_21' title="bbox 353 2475 1401 2590; baseline 0.004 -36"><span class='ocrx_word' id='word_1_164' title='bbox 353 2475 578 2588; x_wconf 79' lang='lat' dir='ltr'>Ampliandum</span> <span class='ocrx_word' id='word_1_165' title='bbox 592 2493 704 2588; x_wconf 82' lang='lat' dir='ltr'>igitur,</span> <span class='ocrx_word' id='word_1_166' title='bbox 721 2514 780 2558; x_wconf 86' lang='lat' dir='ltr'>nec</span> <span class='ocrx_word' id='word_1_167' title='bbox 797 2492 876 2556; x_wconf 73' lang='lat' dir='ltr'>tanti</span> <span class='ocrx_word' id='word_1_168' title='bbox 893 2514 930 2558; x_wconf 86' lang='lat' dir='ltr'>ea</span> <span class='ocrx_word' id='word_1_169' title='bbox 944 2515 1011 2590; x_wconf 58' lang='lat' dir='ltr'>res,</span> <span class='ocrx_word' id='word_1_170' title='bbox 1030 2491 1074 2556; x_wconf 92' lang='lat' dir='ltr'>ob</span> <span class='ocrx_word' id='word_1_171' title='bbox 1089 2516 1185 2580; x_wconf 87' lang='lat' dir='ltr'>quam</span> <span class='ocrx_word' id='word_1_172' title='bbox 1197 2494 1299 2560; x_wconf 84' lang='lat' dir='ltr'>deseri</span> <span class='ocrx_word' id='word_1_173' title='bbox 1312 2495 1401 2560; x_wconf 83' lang='lat' dir='ltr'>radi-</span> 
     </span>
     <span class='ocr_line' id='line_1_22' title="bbox 353 2597 688 2678; baseline 0.006 -17"><span class='ocrx_word' id='word_1_174' title='bbox 353 2598 498 2675; x_wconf 88' lang='lat' dir='ltr'>monium</span> <span class='ocrx_word' id='word_1_175' title='bbox 510 2597 633 2673; x_wconf 84' lang='lat' dir='ltr'>debeat.</span> <span class='ocrx_word' id='word_1_176' title='bbox 686 2673 688 2678; x_wconf 23' lang='lat'><strong>¹</strong></span> 
     </span>
    </p>

    <p class='ocr_par' dir='ltr' id='par_1_3' title="bbox 353 2704 1402 3006">
     <span class='ocr_line' id='line_1_23' title="bbox 396 2704 1401 2796; baseline 0.005 -29"><span class='ocrx_word' id='word_1_177' title='bbox 396 2704 485 2768; x_wconf 90' lang='lat' dir='ltr'>Inter</span> <span class='ocrx_word' id='word_1_178' title='bbox 495 2706 556 2768; x_wconf 91' lang='lat' dir='ltr'>hos</span> <span class='ocrx_word' id='word_1_179' title='bbox 570 2720 678 2780; x_wconf 84' lang='lat' dir='ltr'>autem</span> <span class='ocrx_word' id='word_1_180' title='bbox 690 2704 924 2778; x_wconf 81' lang='lat' dir='ltr'>Declamatores</span> <span class='ocrx_word' id='word_1_181' title='bbox 935 2704 979 2768; x_wconf 89' lang='lat' dir='ltr'>M.</span> <span class='ocrx_word' id='word_1_182' title='bbox 996 2705 1117 2770; x_wconf 87' lang='lat' dir='ltr'>Seneca</span> <span class='ocrx_word' id='word_1_183' title='bbox 1131 2706 1279 2771; x_wconf 83' lang='lat' dir='ltr'>Rhetor</span> <span class='ocrx_word' id='word_1_184' title='bbox 1263 2708 1401 2796; x_wconf 80' lang='lat' dir='ltr'>insignis</span> 
     </span>
     <span class='ocr_line' id='line_1_24' title="bbox 353 2795 1402 2930; baseline 0.003 -56"><span class='ocrx_word' id='word_1_185' title='bbox 353 2795 500 2874; x_wconf 84' lang='lat' dir='ltr'>familiam</span> <span class='ocrx_word' id='word_1_186' title='bbox 517 2809 623 2890; x_wconf 89' lang='lat' dir='ltr'>ducit,</span> <span class='ocrx_word' id='word_1_187' title='bbox 646 2809 712 2872; x_wconf 88' lang='lat' dir='ltr'>sive</span> <span class='ocrx_word' id='word_1_188' title='bbox 728 2809 889 2873; x_wconf 86' lang='lat' dir='ltr'>Suasorias</span> <span class='ocrx_word' id='word_1_189' title='bbox 904 2811 945 2874; x_wconf 90' lang='lat' dir='ltr'>ab</span> <span class='ocrx_word' id='word_1_190' title='bbox 960 2812 1085 2930; x_wconf 89' lang='lat' dir='ltr'>optimis</span> <span class='ocrx_word' id='word_1_191' title='bbox 1106 2809 1232 2895; x_wconf 84' lang='lat' dir='ltr'>dicendi</span> <span class='ocrx_word' id='word_1_192' title='bbox 1245 2813 1402 2904; x_wconf 80' lang='lat' dir='ltr'>magistris</span> 
     </span>
     <span class='ocr_line' id='line_1_25' title="bbox 353 2914 1399 3020; baseline 0.006 -43"><span class='ocrx_word' id='word_1_193' title='bbox 353 2930 515 2995; x_wconf 79' lang='lat' dir='ltr'>tractatas,</span> <span class='ocrx_word' id='word_1_194' title='bbox 527 2915 592 2988; x_wconf 82' lang='lat' dir='ltr'>sive</span> <span class='ocrx_word' id='word_1_195' title='bbox 604 2914 841 2978; x_wconf 85' lang='lat' dir='ltr'>Controversias</span> <span class='ocrx_word' id='word_1_196' title='bbox 853 2937 1006 2986; x_wconf 77' lang='lat' dir='ltr'>memorre</span> <span class='ocrx_word' id='word_1_197' title='bbox 1015 2915 1193 2981; x_wconf 80' lang='lat' dir='ltr'>reconditas</span> <span class='ocrx_word' id='word_1_198' title='bbox 1200 2918 1399 3020; x_wconf 77' lang='lat' dir='ltr'>‚depromat</span> 
     </span>
    </p>

    <p class='ocr_par' dir='ltr' id='par_1_4' title="bbox 309 3011 1400 3962">
     <span class='ocr_line' id='line_1_26' title="bbox 396 3011 1400 3118; baseline 0.007 -35"><span class='ocrx_word' id='word_1_199' title='bbox 396 3020 479 3083; x_wconf 90' lang='lat' dir='ltr'>Sunt</span> <span class='ocrx_word' id='word_1_200' title='bbox 496 3021 581 3094; x_wconf 84' lang='lat' dir='ltr'>enim</span> <span class='ocrx_word' id='word_1_201' title='bbox 596 3020 665 3101; x_wconf 78' lang='lat' dir='ltr'>haec</span> <span class='ocrx_word' id='word_1_202' title='bbox 681 3019 767 3084; x_wconf 88' lang='lat' dir='ltr'>aliud</span> <span class='ocrx_word' id='word_1_203' title='bbox 784 3020 877 3118; x_wconf 86' lang='lat' dir='ltr'>nibil,</span> <span class='ocrx_word' id='word_1_204' title='bbox 897 3044 994 3118; x_wconf 86' lang='lat' dir='ltr'>quam</span> <span class='ocrx_word' id='word_1_205' title='bbox 1012 3021 1180 3086; x_wconf 89' lang='lat' dir='ltr'>laudabilia</span> <span class='ocrx_word' id='word_1_206' title='bbox 1199 3011 1400 3108; x_wconf 79' lang='lat' dir='ltr'>scholastica,</span> 
     </span>
     <span class='ocr_line' id='line_1_27' title="bbox 355 3104 1399 3228; baseline 0.004 -37"><span class='ocrx_word' id='word_1_207' title='bbox 355 3110 483 3213; x_wconf 84' lang='lat' dir='ltr'>singulis</span> <span class='ocrx_word' id='word_1_208' title='bbox 491 3104 676 3192; x_wconf 85' lang='lat' dir='ltr'>auctoribus</span> <span class='ocrx_word' id='word_1_209' title='bbox 686 3125 828 3193; x_wconf 88' lang='lat' dir='ltr'>laudatis</span> <span class='ocrx_word' id='word_1_210' title='bbox 852 3127 901 3190; x_wconf 90' lang='lat' dir='ltr'>De</span> <span class='ocrx_word' id='word_1_211' title='bbox 913 3131 1003 3214; x_wconf 90' lang='lat' dir='ltr'>cujus</span> <span class='ocrx_word' id='word_1_212' title='bbox 1015 3128 1180 3228; x_wconf 85' lang='lat' dir='ltr'>scriptoris</span> <span class='ocrx_word' id='word_1_213' title='bbox 1197 3130 1301 3218; x_wconf 86' lang='lat' dir='ltr'>stylo</span> <span class='ocrx_word' id='word_1_214' title='bbox 1293 3147 1338 3194; x_wconf 81' lang='lat' dir='ltr'>tta</span> <span class='ocrx_word' id='word_1_215' title='bbox 1347 3134 1399 3218; x_wconf 86' lang='lat' dir='ltr'>ju-</span> 
     </span>
     <span class='ocr_line' id='line_1_28' title="bbox 356 3223 1401 3324; baseline 0.005 -29"><span class='ocrx_word' id='word_1_216' title='bbox 356 3231 460 3296; x_wconf 87' lang='lat' dir='ltr'>dicare</span> <span class='ocrx_word' id='word_1_217' title='bbox 474 3254 540 3296; x_wconf 91' lang='lat' dir='ltr'>non</span> <span class='ocrx_word' id='word_1_218' title='bbox 558 3231 717 3315; x_wconf 85' lang='lat' dir='ltr'>dubitem,</span> <span class='ocrx_word' id='word_1_219' title='bbox 736 3233 815 3297; x_wconf 87' lang='lat' dir='ltr'>nihil</span> <span class='ocrx_word' id='word_1_220' title='bbox 830 3257 897 3298; x_wconf 91' lang='lat' dir='ltr'>esse</span> <span class='ocrx_word' id='word_1_221' title='bbox 911 3235 945 3297; x_wconf 92' lang='lat' dir='ltr'>in</span> <span class='ocrx_word' id='word_1_222' title='bbox 961 3233 1068 3324; x_wconf 84' lang='lat' dir='ltr'>lingua</span> <span class='ocrx_word' id='word_1_223' title='bbox 1082 3223 1205 3317; x_wconf 87' lang='lat' dir='ltr'>Latina,</span> <span class='ocrx_word' id='word_1_224' title='bbox 1215 3239 1401 3322; x_wconf 88' lang='lat' dir='ltr'>quumaCi-</span> 
     </span>
     <span class='ocr_line' id='line_1_29' title="bbox 356 3339 1401 3450; baseline 0.006 -48"><span class='ocrx_word' id='word_1_225' title='bbox 356 3360 490 3421; x_wconf 88' lang='lat' dir='ltr'>oerone,</span> <span class='ocrx_word' id='word_1_226' title='bbox 502 3339 666 3427; x_wconf 82' lang='lat' dir='ltr'>Fabioque</span> <span class='ocrx_word' id='word_1_227' title='bbox 677 3339 869 3422; x_wconf 86' lang='lat' dir='ltr'>discesseris,</span> <span class='ocrx_word' id='word_1_228' title='bbox 888 3342 1041 3430; x_wconf 89' lang='lat' dir='ltr'>scriptum</span> <span class='ocrx_word' id='word_1_229' title='bbox 1058 3341 1187 3430; x_wconf 87' lang='lat' dir='ltr'>purius,</span> <span class='ocrx_word' id='word_1_230' title='bbox 1207 3357 1261 3428; x_wconf 86' lang='lat' dir='ltr'>aut</span> <span class='ocrx_word' id='word_1_231' title='bbox 1279 3343 1401 3450; x_wconf 81' lang='lat' dir='ltr'>elegan-</span> 
     </span>
     <span class='ocr_line' id='line_1_30' title="bbox 357 3443 1400 3537; baseline 0.006 -30"><span class='ocrx_word' id='word_1_232' title='bbox 357 3444 428 3508; x_wconf 87' lang='lat' dir='ltr'>tius.</span> <span class='ocrx_word' id='word_1_233' title='bbox 437 3443 596 3509; x_wconf 78' lang='lat' dir='ltr'>Iudicium</span> <span class='ocrx_word' id='word_1_234' title='bbox 604 3446 796 3533; x_wconf 86' lang='lat' dir='ltr'>vero‚qu0d</span> <span class='ocrx_word' id='word_1_235' title='bbox 805 3469 930 3534; x_wconf 84' lang='lat' dir='ltr'>semper</span> <span class='ocrx_word' id='word_1_236' title='bbox 941 3445 1003 3509; x_wconf 85' lang='lat' dir='ltr'>furt</span> <span class='ocrx_word' id='word_1_237' title='bbox 1010 3462 1153 3534; x_wconf 89' lang='lat' dir='ltr'>entque</span> <span class='ocrx_word' id='word_1_238' title='bbox 1162 3467 1400 3537; x_wconf 86' lang='lat' dir='ltr'>perpaucorum</span> 
     </span>
     <span class='ocr_line' id='line_1_31' title="bbox 309 3550 1400 3643; baseline 0.005 -29"><span class='ocrx_word' id='word_1_239' title='bbox 309 3619 311 3624; x_wconf 64' lang='grc'>,</span> <span class='ocrx_word' id='word_1_240' title='bbox 358 3550 541 3632; x_wconf 88' lang='lat' dir='ltr'>bominum,</span> <span class='ocrx_word' id='word_1_241' title='bbox 549 3569 581 3616; x_wconf 90' lang='lat' dir='ltr'>et</span> <span class='ocrx_word' id='word_1_242' title='bbox 589 3577 724 3618; x_wconf 82' lang='lat' dir='ltr'>acumen</span> <span class='ocrx_word' id='word_1_243' title='bbox 732 3577 765 3618; x_wconf 90' lang='lat' dir='ltr'>m</span> <span class='ocrx_word' id='word_1_244' title='bbox 775 3553 1046 3643; x_wconf 81' lang='lat' dir='ltr'>aliorummgenus</span> <span class='ocrx_word' id='word_1_245' title='bbox 1059 3553 1212 3643; x_wconf 77' lang='lat' dir='ltr'>dictisque</span> <span class='ocrx_word' id='word_1_246' title='bbox 1223 3556 1400 3638; x_wconf 78' lang='lat' dir='ltr'>censendo,</span> 
     </span>
     <span class='ocr_line' id='line_1_32' title="bbox 358 3657 1399 3748; baseline 0.006 -29"><span class='ocrx_word' id='word_1_247' title='bbox 358 3679 519 3720; x_wconf 89' lang='lat' dir='ltr'>summum</span> <span class='ocrx_word' id='word_1_248' title='bbox 536 3681 571 3722; x_wconf 90' lang='lat' dir='ltr'>ac</span> <span class='ocrx_word' id='word_1_249' title='bbox 588 3659 755 3748; x_wconf 90' lang='lat' dir='ltr'>proprium</span> <span class='ocrx_word' id='word_1_250' title='bbox 769 3657 862 3725; x_wconf 89' lang='lat' dir='ltr'>illius.</span> <span class='ocrx_word' id='word_1_251' title='bbox 879 3659 1036 3724; x_wconf 89' lang='lat' dir='ltr'>Dissentio</span> <span class='ocrx_word' id='word_1_252' title='bbox 1051 3660 1148 3748; x_wconf 85' lang='lat' dir='ltr'>igitur</span> <span class='ocrx_word' id='word_1_253' title='bbox 1163 3685 1182 3730; x_wconf 86' lang='lat' dir='ltr'>a</span> <span class='ocrx_word' id='word_1_254' title='bbox 1195 3663 1264 3726; x_wconf 80' lang='lat' dir='ltr'>viro</span> <span class='ocrx_word' id='word_1_255' title='bbox 1283 3659 1399 3744; x_wconf 88' lang='lat' dir='ltr'>docto,</span> 
     </span>
     <span class='ocr_line' id='line_1_33' title="bbox 360 3763 1400 3850; baseline 0.006 -25"><span class='ocrx_word' id='word_1_256' title='bbox 360 3763 571 3850; x_wconf 87' lang='lat' dir='ltr'>quimemoria</span> <span class='ocrx_word' id='word_1_257' title='bbox 578 3780 685 3829; x_wconf 87' lang='lat' dir='ltr'>nostra</span> <span class='ocrx_word' id='word_1_258' title='bbox 691 3765 844 3828; x_wconf 86' lang='lat' dir='ltr'>Senecam</span> <span class='ocrx_word' id='word_1_259' title='bbox 853 3766 941 3829; x_wconf 91' lang='lat' dir='ltr'>hunc</span> <span class='ocrx_word' id='word_1_260' title='bbox 950 3766 1400 3846; x_wconf 84' lang='lat' dir='ltr'>Rhetoremleviterdoctum,</span> 
     </span>
     <span class='ocr_line' id='line_1_34' title="bbox 360 3870 866 3962; baseline 0.006 -30"><span class='ocrx_word' id='word_1_261' title='bbox 360 3871 494 3955; x_wconf 85' lang='lat' dir='ltr'>aequasi</span> <span class='ocrx_word' id='word_1_262' title='bbox 506 3870 712 3958; x_wconf 86' lang='lat' dir='ltr'>proletarium</span> <span class='ocrx_word' id='word_1_263' title='bbox 723 3871 866 3962; x_wconf 86' lang='lat' dir='ltr'>appellat.</span> 
     </span>
    </p>
   </div>
   <div class='ocr_carea' id='block_1_3' title="bbox 405 4060 1022 4159">
    <p class='ocr_par' dir='ltr' id='par_1_5' title="bbox 405 4060 1022 4159">
     <span class='ocr_line' id='line_1_35' title="bbox 405 4060 1022 4159; baseline 0.003 -21"><span class='ocrx_word' id='word_1_264' title='bbox 405 4102 427 4137; x_wconf 88' lang='lat'>1.</span> <span class='ocrx_word' id='word_1_265' title='bbox 442 4060 502 4139; x_wconf 44' lang='lat' dir='ltr'>¹Jac.</span> <span class='ocrx_word' id='word_1_266' title='bbox 516 4085 679 4154; x_wconf 71' lang='lat' dir='ltr'>Duronum,</span> <span class='ocrx_word' id='word_1_267' title='bbox 691 4086 736 4144; x_wconf 84' lang='lat' dir='ltr'>lib.</span> <span class='ocrx_word' id='word_1_268' title='bbox 751 4087 778 4141; x_wconf 87' lang='lat'>11</span> <span class='ocrx_word' id='word_1_269' title='bbox 791 4088 815 4140; x_wconf 85' lang='lat' dir='ltr'>V</span> <span class='ocrx_word' id='word_1_270' title='bbox 816 4089 893 4140; x_wconf 81' lang='lat' dir='ltr'>oriar.</span> <span class='ocrx_word' id='word_1_271' title='bbox 906 4105 964 4159; x_wconf 80' lang='lat' dir='ltr'>cap.</span> <span class='ocrx_word' id='word_1_272' title='bbox 979 4105 1022 4158; x_wconf 86' lang='lat'>17.</span> 
     </span>
    </p>
   </div>
   <div class='ocr_carea' id='block_1_4' title="bbox 0 0 1453 4804">
    <p class='ocr_par' dir='ltr' id='par_1_6' title="bbox 0 0 1453 4804">
     <span class='ocr_line' id='line_1_36' title="bbox 0 0 1453 4804; baseline 0 0"><span class='ocrx_word' id='word_1_273' title='bbox 0 0 1453 4804; x_wconf 95' lang='lat' dir='ltr'> </span> 
     </span>
    </p>
   </div>
  </div>
 </body>
</html>
