2874 4768
278 400 345 488 544
602 395 650 465 M.
677 395 821 466 ANNAEl
846 392 1026 464 SENECAE

275 547 333 600 tur
354 527 504 621 ignibus.
532 521 629 594 Nihil
652 525 742 593 intes·
767 547 821 593 me
843 538 879 592 ct
898 525 1103 618 paupeiem¹
1131 521 1296 604 interest,
1331 523 1363 590 si

269 647 353 740 ¹jus-e
367 667 519 740 agamus.
539 643 657 712 Liceat
674 659 710 710 st
725 661 909 735 pauperem
926 638 1076 732 pudere
1094 639 1265 732 proiectu.
1282 644 1362 709 Vos

276 761 456 859 possidetis
477 784 597 856 agros,
624 757 760 827 urbium
787 757 894 840 lines,
920 756 1092 850 urbesque
1109 756 1268 826 domibus
1285 761 1362 828 im·

277 880 391 975 pletis.
410 881 503 948 Intra
519 875 663 946 aedilicia
675 891 786 944 vestm
800 871 910 944 undas
924 889 960 944 ct
972 897 1113 944 nemum
1126 878 1361 970 cumps-eben-

277 996 370 1064 d'itis.
388 993 483 1062 Nihil
497 992 623 1062 latius*
638 991 745 1060 oculis
758 993 827 1060 tuis
838 994 1004 1072 occurrit,
1021 1016 1122 1083 quam
1133 993 1244 1063 ruinae
1254 1017 1357 1062 meae.

161 1209 167 1216 .
278 1113 424 1182 Domum
438 1107 594 1203 perdidi,
615 1109 674 1202 qui
693 1131 812 1177 carere
828 1130 892 1177 nec
905 1107 1085 1178 arbuscula
1101 1108 1243 1202 quidam
1255 1127 1360 1204 pote·

280 1251 365 1294 ram.
394 1224 535 1295 Deliciis
563 1223 653 1308 tuis,
682 1219 801 1305 dives,
828 1221 1035 1292 ardebimus.
1060 1223 1180 1292 Oculis
1198 1224 1359 1318 voluptas

280 1340 440 1412 incendio
469 1340 658 1432 queritur,
679 1355 713 1407 et
728 1357 928 1433 prospectus
944 1338 1081 1430 ignibus
1104 1340 1252 1410 laxatur.
1270 1343 1361 1409 Pm-

280 1455 385 1525 sectui
401 1453 565 1522 obstabat.
588 1452 706 1547 Quid?
720 1452 1009 1521 inambulantibus
1022 1451 1122 1522 nobis
1134 1478 1206 1522 non
1220 1454 1359 1523 obstant
1431 1499 1433 1552 p

280 1594 457 1641 servorum
482 1571 650 1645 caterve?
674 1571 711 1637 in
734 1571 931 1639 immensam
955 1564 1112 1638 excitati⁵
1136 1569 1357 1640 altlmdinem

282 1688 429 1783 parietes
446 1685 556 1755 lucem
575 1710 645 1755 nou
663 1685 879 1781 impediunt}¹
895 1686 1045 1780 infinitis
1060 1701 1225 1780 porrectas
1237 1687 1359 1780 spatiis
1433 1689 1434 1692 ’

282 1803 543 1888 ambulationes,
564 1803 753 1872 sturbium
772 1803 843 1872 solo
862 1802 1035 1872 adificatas
1054 1803 1185 1888 domus,
1206 1827 1277 1871 non
1297 1827 1360 1871 nus

284 1944 392 2017 prope
406 1945 427 1988 a
444 1918 583 2014 publico
599 1919 810 1988 excludunt?
825 1920 895 1989 Sub
912 1921 977 1989 hac
993 1921 1173 1990 arbuscula
1187 1922 1362 2012 imagina-

284 2040 347 2110 har
360 2038 504 2108 divitum
526 2036 640 2105 silvas.
664 2013 839 2129 Quantum
855 2034 1008 2130 perdidi,
1028 2061 1129 2129 wem
1147 2039 1272 2106 fatetur
1286 2039 1361 2106 ira-

285 2175 339 2226 tus
364 2153 522 2222 inimicus
538 2151 622 2245 plus
646 2149 838 2245 perdidisse
854 2174 956 2243 quam
973 2150 1091 2222 volui?
1107 2153 1182 2221 Non
1196 2153 1360 2244 iniquum

284 2267 436 2365 postulo,
462 2265 536 2358 ejus
557 2263 679 2333 damno
703 2264 837 2333 desinat
857 2265 1076 2350 incendium,
1096 2266 1193 2360 cujus
1210 2265 1360 2334 consilio

285 2388 400 2481 coepit.
419 2383 558 2454 Scilicet
571 2399 610 2451 ut
624 2382 744 2452 domus
756 2381 801 2451 ad
814 2383 930 2452 caelum
945 2407 1045 2453 omne
1058 2407 1246 2466 conversas,
1263 2383 1362 2452 bru-

286 2504 390 2574 males
405 2517 503 2570 aestus
520 2498 686 2582 babeant,
708 2500 823 2567 oestiva
839 2499 985 2593 frigora,
1004 2515 1039 2568 et
1055 2524 1125 2569 non
1139 2501 1206 2568 suis
1219 2499 1362 2568 vicibus

286 2623 376 2689 intra
390 2621 531 2688 istorum
543 2632 683 2710 penates
693 2630 814 2707 agatur
825 2639 935 2684 annus
949 2613 1064 2686 :alunt
1074 2618 1112 2684 in
1125 2615 1261 2685 summis
1274 2616 1363 2685 cul-

286 2736 435 2806 minibus
461 2735 601 2804 mentita
629 2755 769 2800 nemora
781 2782 792 2818 ,
822 2748 857 2800 et
881 2732 1125 2827 nauigabilium
1149 2733 1362 2826 piscinarum

286 2853 391 2937 freta3
408 2865 502 2918 arata
521 2847 692 2940 quondam
706 2848 952 2941 pupullarum,
968 2847 1179 2944 singulorum
1192 2873 1283 2918 nunc
1300 2873 1362 2918 er-

288 2965 494 3062 gastulorum
512 2980 591 3032 sunt
608 2991 616 3030 ι
636 2963 805 3058 latiusque
825 2989 916 3033 nunc
932 2965 1038 3035 villici
1056 2989 1157 3059 quam
1174 2988 1273 3058 reges
1291 2967 1362 3034 ius-

286 3132 332 3187 lib.
345 3132 426 3194 vlu.
440 3131 471 3184 ds
483 3130 625 3184 servitutib.
643 3130 797 3204 prediorum
845 3132 905 3202 ἔχει.
917 3131 972 3200 Qui
983 3130 1067 3196 locus,
1080 3143 1108 3184 ut
1117 3133 1142 3184 ἰν
1152 3128 1250 3199 sapidas
1262 3129 1361 3184 admo·

288 3214 442 3267 urbanorum
455 3225 532 3285 puta,
548 3231 580 3265 ns
591 3211 665 3264 altius
677 3211 799 3264 tollantur
846 3230 922 3264 nam
934 3231 964 3262 es
976 3208 1130 3281 supplicibus
1144 3207 1272 3279 Euripidis
1288 3209 1361 3282 apud

288 3291 364 3356 sedes,
373 3289 658 3345 nsvsluminib.alisnis
667 3291 799 3344 obstrusu-
848 3287 993 3352 stobaeum,
1006 3286 1301 3357 numunianum,
1314 3286 1362 3340 sed

290 3385 337 3425 tur.
348 3368 451 3423 Sclsott.
848 3378 899 3418 tam
910 3365 1033 3418 absimilis
1045 3365 1077 3417 ab
1089 3363 1121 3416 lis
1132 3382 1190 3434 quc
1200 3364 1267 3437 apud
1280 3363 1363 3418 Enri-

327 3468 347 3501 1.
360 3451 439 3504 Nihil
447 3454 756 3519 intermeetpuupersm.
767 3450 801 3499 At
849 3441 934 3516 pidem
954 3443 981 3494 iu
1003 3462 1031 3494 ea
1052 3441 1173 3516 tragoetlia
1190 3441 1317 3495 habentur
1334 3455 1364 3496 ut

291 3545 385 3602 psupcr
399 3525 453 3580 boec
471 3527 544 3590 dicit,
557 3539 600 3579 aut
609 3527 696 3580 saltem
708 3545 721 3578 s
733 3537 802 3598 parts
852 3519 917 3572 nibil
930 3519 1021 3592 magis·
1033 3519 1069 3572 Ν.
1081 3519 1178 3572 Faber.

290 3603 804 3678 suntpauperis-Codicessequiorisnotss,
885 3619 907 3650 a.
924 3599 1000 3651 Ns'bs'l
1017 3600 1112 3651 tauns.
1131 3597 1233 3651 Vetas-es
1251 3617 1362 3665 amau,

291 3683 359 3737 nibil
369 3685 437 3736 inter
449 3701 491 3735 me
505 3691 530 3736 el
538 3701 680 3752 pauperem
689 3683 804 3752 gaudere
850 3677 920 3730 nihil
929 3679 1034 3730 lautius.
1047 3675 1082 3729 Ν.
1092 3677 1189 3730 Faber.

289 3775 447 3832 prospectu,
470 3761 581 3832 legunt:
598 3759 715 3812 meliores
736 3757 803 3812 nibil
885 3753 1362 3816 3.Excitatusehouusiunctissima,

291 3853 398 3894 mutant.
410 3839 464 3893 Nee
477 3851 560 3892 tamen
569 3838 640 3891 locus
649 3851 686 3890 est
693 3837 800 3909 integer,
851 3834 894 3904 qui
910 3833 1105 3885 notat21mcum
1119 3831 1188 3885 bunc
1199 3832 1364 3885 vehementer

292 3920 342 3972 uisi
359 3921 424 3973 lette
439 3918 569 3990 legamus,
582 3917 650 3969 nibil
660 3919 726 3968 inter
741 3926 766 3968 le
778 3925 805 3968 et
851 3911 960 3964 illustrat
977 3909 1071 3981 Papirii
1089 3909 1198 3962 Fabiani
1212 3909 1315 3980 quarela
1331 3909 1364 3961 ds

291 4017 433 4067 pauperem
452 3999 555 4049 interest
573 3997 598 4048 si
613 4000 670 4059 jure
681 4013 802 4062 agamus.
852 3987 1057 4042 exstruendarum
1065 3987 1365 4058 ediumluxmquotaa·

292 4075 368 4146 Legis
377 4075 506 4129 enimbaec
517 4084 553 4125 est
564 4071 683 4147 perlectis
696 4091 753 4124 enm
764 4071 801 4124 le*
852 4087 927 4140 quatu
936 4065 1087 4120 emblemata
1093 4079 1230 4120 uersatur
1238 4065 1364 4120 Contrua.

291 4153 398 4213 ἀσθενὴς,
412 4153 424 4204 ὃ
436 4150 549 4214 πλοῦστὸς
568 4175 594 4205 τι
613 4151 655 4209 τὴν
669 4151 802 4208 dianaticus
852 4169 875 4222 9·
888 4152 955 4221 begs
972 4162 996 4201 tl
1013 4147 1254 4202 Jurlseunsullomm
1271 4147 1365 4220 §tripla
