2894 4784
290 455 356 522 662
608 456 655 522 M.
681 452 825 520 ANNAEI
848 449 1027 518 SENECAE

290 603 334 648 ne
357 580 501 664 nudent,
526 583 724 652 amissurum
750 596 898 650 monent.
924 581 1026 650 Utin
1046 578 1170 674 gaudie
1184 581 1358 650 interdum

290 699 399 790 surgit
411 698 556 784 animun,
572 715 607 766 et
617 721 710 791 spem
724 722 765 767 ex
778 697 933 790 presenti
950 697 1089 770 metitur
1101 701 1127 777 ¹,
1144 695 1191 764 itu
1204 695 1359 769 adversio

291 811 1356 908 frangitur.Omnieeet'tieanimumdieo,nbiignomininspem
1429 873 1430 876 ,

289 930 426 1020 premit,
443 927 502 996 uhi
513 927 641 999 nullam
651 929 804 996 meminit
812 927 933 1009 aciem,
946 927 1011 994 uiri
1021 949 1096 1021 qun
1108 927 1359 1020 lugeret3errat

291 1046 381 1112 ciren
395 1044 515 1112 demna
530 1069 608 1130 eun,
620 1061 654 1113 et
667 1069 741 1137 quae
755 1044 840 1112 male
853 1060 1010 1136 expertus
1023 1060 1093 1128 est,
1108 1061 1186 1122 vote
1200 1043 1354 1143 deponit.

269 1163 327 1233 -si
347 1180 509 1231 venturus
533 1178 637 1245 eeeet,
662 1185 731 1229 non
749 1163 949 1229 minaretur.
974 1159 1052 1229 Suis
1070 1159 1120 1228 irn
1144 1159 1245 1229 ardet
1267 1163 1358 1255 igni·

290 1278 366 1360 bus,
384 1295 416 1347 et
431 1277 467 1345 in
482 1293 578 1371 pactu
597 1300 665 1344 non
681 1271 859 1345 solvitur³.
876 1277 953 1343 Non
968 1273 1206 1359 denuntiaret,
1227 1278 1257 1344 ei
1275 1300 1356 1344 ven·

290 1411 386 1462 turus
410 1408 514 1476 esset,
533 1415 645 1484 neque
664 1408 810 1461 armaret
835 1416 895 1460 nos
921 1391 1059 1472 nuntio,
1089 1414 1154 1460 neo
1177 1394 1355 1487 inetignret

290 1509 462 1576 victricem
483 1487 666 1588 Graeeinm‚
688 1531 752 1576 nee
770 1505 968 1576 sollicitaret
985 1527 1077 1572 arma
1094 1501 1206 1573 ielioin
1226 1507 1355 1601 :magis

291 1625 525 1719 superveniret
544 1623 762 1716 improvidie3
782 1647 859 1692 num
873 1638 1012 1692 etormn
1031 1620 1269 1692 indenuntiata
1284 1649 1355 1692 mo·

291 1731 407 1807 vent⁴.
433 1738 755 1830 Quantumcumque
777 1737 901 1804 Oriens
920 1735 1044 1820 valuit,
1060 1737 1171 1830 primo
1198 1737 1236 1806 in
1263 1737 1354 1806 Grn-

291 1856 526 1947 einmimpetu
547 1854 689 1923 effusum
709 1869 759 1922 eet
775 1879 785 1920 ε
799 1853 866 1920 hoe
885 1851 944 1920 ille
962 1873 1104 1920 numero
1126 1851 1244 1940 teror,
1267 1870 1301 1921 et
1321 1855 1369 1932 in,

292 1971 372 2040 deon
385 1994 477 2040 nrmn
499 1970 641 2059 tulernt3
659 1971 822 2040 exstincte
843 1985 892 2036 tot
909 1985 987 2036 ante
1001 1969 1137 2037 Xerxen
1165 1969 1293 2052 millia,
1309 1985 1356 2038 tot

292 2085 355 2155 nub
379 2087 452 2178 ipro
471 2088 608 2176 jacent3
636 2085 746 2169 nulli,
775 2085 841 2152 nini
866 2086 924 2177 qui
950 2083 1134 2176 fugerunt,
1159 2102 1350 2176 supernum.

218 2265 230 2280 ,
291 2201 386 2294 Quid
399 2200 507 2269 dicam
520 2201 687 2273 Salamina
696 2197 708 2238 ⁵
718 2203 733 2268 1
743 2200 840 2295 Quid
853 2191 1066 2294 Cyffnmgyrnn
1079 2201 1249 2270 referum?
1261 2219 1297 2271 et
1308 2220 1350 2287 te,

225 2371 233 2393 .
292 2316 508 2409 oPolyzelei
529 2333 563 2384 et
586 2315 652 2385 hoc
672 2318 798 2411 agitur,
817 2339 862 2384 an
879 2316 1025 2384 vicerit?
1037 2317 1114 2385 Haee
1129 2341 1194 2410 ego
1208 2317 1352 2412 trophmr

293 2432 455 2527 deposui,
471 2433 545 2502 lune
562 2433 598 2501 in
623 2433 726 2502 totius
741 2435 880 2502 Gsmeiae
892 2447 1075 2525 onnepeotu
1086 2434 1207 2518 eterni,
1224 2457 1269 2504 ne
1282 2437 1353 2526 (mie

292 2548 427 2614 timeret
447 2546 583 2614 Xerxen
594 2547 789 2616 minantem.
801 2547 859 2614 Me
869 2545 1045 2631 miserum,
1061 2564 1237 2640 pugnante
1248 2549 1351 2616 Xerxe

293 2659 441 2752 trophaen
455 2661 570 2752 posui,
588 2659 739 2753 fugiente
752 2658 890 2728 tollam?
901 2663 1000 2730 Nune
1012 2661 1154 2730 Athenin
1166 2661 1349 2745 ¹rinoirnur3

290 2869 360 2919 xnus
376 2859 449 2904 esset.
467 2850 524 2903 vox
539 2851 635 2918 pignus
645 2850 677 2902 uls
694 2850 797 2922 ingenio
846 2847 924 2903 nuliis
937 2851 1048 2905 adverso
1068 2849 1177 2904 fortune
1188 2850 1352 2904 incommodis

294 2926 460 2981 Eruditorum
476 2945 527 2979 esse
542 2928 618 2980 eredo
633 2927 797 2992 tristitiis,
847 2927 996 2994 conflictata
1011 2940 1085 2995 sunt,
1105 2938 1131 2978 et
1144 2926 1219 2980 'nihil
1238 2930 1318 2982 totu
1330 2941 1352 2984 et

293 3003 411 3078 probem.
421 3007 573 3073 pigritarent,
586 3025 630 3078 pro
639 3017 712 3060 esset.
721 3006 799 3077 Quod
846 3007 1033 3060 vicissitudines
1041 3027 1125 3062 rorum
1133 3008 1303 3062 humanarum
1313 3028 1352 3062 eo-

292 3075 346 3157 jtni
357 3095 381 3135 et
391 3081 475 3135 Faber
487 3085 591 3137 notovit.
602 3087 632 3136 ln
643 3084 741 3138 Veneto
751 3099 797 3137 est:
847 3085 965 3156 gitentur.
974 3082 1072 3140 Schulr.

285 3162 376 3236 futuri
390 3165 462 3232 regni
476 3164 501 3214 is
515 3172 589 3218 esset.
606 3163 697 3216 Simile
709 3185 737 3216 er
749 3165 800 3216 suis
884 3183 905 3215 s.
917 3161 977 3216 Est.
994 3161 1064 3216 lllud
1081 3172 1120 3216 est
1135 3162 1178 3216 hio
1194 3163 1297 3236 ponitur
1312 3185 1350 3237 pm

294 3254 384 3296 notant
402 3239 521 3294 Srhottus
539 3253 564 3294 et
582 3241 713 3305 Aurelius3
732 3241 800 3293 unde
849 3242 904 3294 edit
912 3257 921 3306 ,·
930 3241 995 3294 sicut
1005 3241 1032 3293 in
1044 3242 1118 3314 Virg.
1129 3242 1194 3292 AEn.
1206 3243 1255 3306 lv,
1267 3243 1306 3296 fit
1384 3271 1385 3276 ¹

294 3317 417 3390 eonjeeir
435 3317 516 3370 Prior
531 3321 600 3370 enim
618 3329 701 3370 metus
710 3318 802 3386 futuri
883 3318 906 3370 3.
925 3315 964 3371 Et
979 3321 1007 3372 in
1024 3330 1105 3386 pacto
1125 3337 1177 3370 non
1195 3323 1311 3373 solvitur.
1325 3319 1349 3371 Si

294 3399 347 3462 regi
359 3396 404 3446 isti
416 3403 462 3447 est.
476 3393 544 3448 Illud
560 3395 639 3448 Pn'or
647 3395 763 3467 intelligo
773 3407 800 3448 ut
848 3415 907 3448 rere
917 3397 1054 3450 erdesreret
1063 3397 1168 3464 Xerses,
1180 3409 1348 3469 nnmpnrntu

295 3473 398 3524 Suesor.
416 3471 431 3522 3
448 3470 534 3524 itidem
552 3471 580 3523 in
596 3470 677 3525 verbis
692 3471 799 3526 Arellii:
848 3492 873 3524 se
886 3475 975 3546 pacisci
987 3474 1128 3526 ostenderet
1138 3473 1259 3547 nophoeis
1269 3475 1348 3528 subla-

294 3571 308 3598 ι
319 3553 354 3602 At
363 3569 415 3602 non
422 3563 509 3623 potero
517 3549 799 3613 vindicareednlternm,
848 3552 888 3603 tis.
903 3553 935 3604 Er
946 3551 981 3605 sir
993 3551 1097 3625 scriptus
1110 3555 1196 3605 codex.
1211 3551 1319 3607 Gronov.

293 3627 362 3700 prior
375 3627 489 3680 estesslns
500 3627 606 3701 pudice.
616 3649 629 3674 n
644 3627 738 3681 Sensus
752 3626 801 3698 igi·
883 3631 907 3697 4.
926 3631 1037 3685 Movent.
1056 3631 1119 3704 Legi
1134 3631 1225 3686 volunt
1241 3633 1285 3687 elii
1295 3653 1349 3686 mo-

292 3719 334 3772 tur
344 3717 380 3758 est
389 3717 459 3758 metu
468 3717 608 3776 correptum
618 3723 670 3757 esse
680 3705 799 3770 Xerxem,
851 3719 930 3774 neret,
950 3709 994 3763 alii
1011 3721 1125 3774 merent,
1144 3709 1218 3764 elteri
1235 3720 1348 3773 meren,

294 3804 375 3856 eoque
395 3783 550 3838 commoveri
573 3783 654 3853 turgis
678 3794 702 3833 et
722 3781 801 3848 duci,
851 3786 933 3861 plures
945 3791 1032 3842 morri.
1046 3787 1126 3840 litem
1138 3785 1349 3861 dijudieentern-

293 3884 370 3935 quem
382 3884 425 3937 spe
438 3862 491 3918 ulle
504 3861 590 3916 futuri.
605 3861 681 3929 Quod
694 3881 747 3913 non
759 3862 801 3914 iu·
850 3863 904 3918 diti.

293 3941 443 3996 tellexerunt
454 3961 543 3996 vocem
554 3944 633 4012 prior,
648 3940 709 3992 hino
721 3940 801 4014 prims
885 3947 907 3996 5.
924 3943 1001 4014 Quid
1010 3944 1097 4002 dicam
1114 3941 1283 3998 Salamina?
1300 3942 1350 3996 nne

294 4021 356 4074 mali
368 4020 436 4074 lebes
447 4020 507 4073 linio
518 4020 582 4073 loro.
594 4018 692 4074 solute.
849 4021 956 4094 pertinet
967 4020 1031 4074 illud
1044 4020 1173 4074 Ciceronis
1180 4019 1318 4076 Tueatur
1328 4021 1349 4072 l:

331 4116 351 4150 ι.
362 4095 441 4166 Spem
454 4117 490 4150 en·
499 4099 621 4167 praesenti
626 4098 743 4150 'metitum
753 4093 801 4148 Ex
852 4102 941 4152 «Ante
954 4099 1121 4154 Saltminiem
1132 4099 1211 4170 ipsum
1224 4099 1348 4170 Neplusns

292 4179 415 4244 prasenti
421 4214 429 4239 ,
443 4174 544 4247 inquit,
562 4195 639 4245 quum
660 4195 698 4230 res
720 4175 801 4229 editur
851 4175 948 4245 obruet,
958 4195 1034 4247 quum
1045 4175 1177 4234 §stamini
1187 4175 1348 4250 trophei-e
