<?xml version="1.0" encoding="UTF-8"?>
<!DOCTYPE html PUBLIC "-//W3C//DTD XHTML 1.0 Transitional//EN"
    "http://www.w3.org/TR/xhtml1/DTD/xhtml1-transitional.dtd">
<html xmlns="http://www.w3.org/1999/xhtml" xml:lang="en" lang="en">
 <head>
  <title>
</title>
<meta http-equiv="Content-Type" content="text/html;charset=utf-8" />
  <meta name='ocr-system' content='tesseract 3.04.00' />
  <meta name='ocr-capabilities' content='ocr_page ocr_carea ocr_par ocr_line ocrx_word'/>
</head>
<body>
  <div class='ocr_page' id='page_1' title='image "./lannsenecparspr00bouigoog_0539.png"; bbox 0 0 2874 4796; ppageno 0'>
   <div class='ocr_carea' id='block_1_1' title="bbox 266 437 1143 537">
    <p class='ocr_par' dir='ltr' id='par_1_1' title="bbox 266 437 1143 537">
     <span class='ocr_line' id='line_1_1' title="bbox 266 437 1143 537; baseline 0.003 -28"><span class='ocrx_word' id='word_1_1' title='bbox 266 437 504 528; x_wconf 79' lang='lat' dir='ltr'>EXCERPTA</span> <span class='ocrx_word' id='word_1_2' title='bbox 527 439 690 508; x_wconf 81' lang='lat' dir='ltr'>CONTR.</span> <span class='ocrx_word' id='word_1_3' title='bbox 716 442 798 508; x_wconf 85' lang='lat' dir='ltr'><strong>LIB.</strong></span> <span class='ocrx_word' id='word_1_4' title='bbox 823 441 888 525; x_wconf 83' lang='lat' dir='ltr'>IV,</span> <span class='ocrx_word' id='word_1_5' title='bbox 913 443 946 507; x_wconf 85' lang='lat'>5.</span> <span class='ocrx_word' id='word_1_6' title='bbox 1076 445 1143 537; x_wconf 76' lang='lat'>529</span> 
     </span>
    </p>
   </div>
   <div class='ocr_carea' id='block_1_2' title="bbox 45 568 1185 2258">
    <p class='ocr_par' dir='ltr' id='par_1_2' title="bbox 45 568 1185 2258">
     <span class='ocr_line' id='line_1_2' title="bbox 45 568 1141 666; baseline 0.004 -27"><span class='ocrx_word' id='word_1_7' title='bbox 45 592 141 646; x_wconf 69' lang='lat' dir='ltr'>,estc</span> <span class='ocrx_word' id='word_1_8' title='bbox 155 569 275 640; x_wconf 83' lang='lat' dir='ltr'>dictant</span> <span class='ocrx_word' id='word_1_9' title='bbox 292 575 439 666; x_wconf 83' lang='lat' dir='ltr'>:nempe</span> <span class='ocrx_word' id='word_1_10' title='bbox 452 568 524 652; x_wconf 89' lang='lat' dir='ltr'>illi,</span> <span class='ocrx_word' id='word_1_11' title='bbox 542 570 603 662; x_wconf 90' lang='lat' dir='ltr'>qui</span> <span class='ocrx_word' id='word_1_12' title='bbox 617 583 834 663; x_wconf 77' lang='lat' dir='ltr'>negaverunt</span> <span class='ocrx_word' id='word_1_13' title='bbox 852 585 886 638; x_wconf 86' lang='lat' dir='ltr'>te</span> <span class='ocrx_word' id='word_1_14' title='bbox 904 592 1002 662; x_wconf 88' lang='lat' dir='ltr'>posse</span> <span class='ocrx_word' id='word_1_15' title='bbox 1015 577 1141 643; x_wconf 85' lang='lat' dir='ltr'>sanari.</span> 
     </span>
     <span class='ocr_line' id='line_1_3' title="bbox 60 679 1141 780; baseline 0.002 -25"><span class='ocrx_word' id='word_1_16' title='bbox 60 689 140 780; x_wconf 75' lang='lat' dir='ltr'>Ego</span> <span class='ocrx_word' id='word_1_17' title='bbox 154 709 236 756; x_wconf 83' lang='lat' dir='ltr'>vcro</span> <span class='ocrx_word' id='word_1_18' title='bbox 252 686 338 756; x_wconf 88' lang='lat' dir='ltr'>cedo</span> <span class='ocrx_word' id='word_1_19' title='bbox 361 685 484 767; x_wconf 92' lang='lat' dir='ltr'>domo,</span> <span class='ocrx_word' id='word_1_20' title='bbox 511 685 540 753; x_wconf 91' lang='lat' dir='ltr'>si</span> <span class='ocrx_word' id='word_1_21' title='bbox 565 679 683 752; x_wconf 65' lang='lat' dir='ltr'>fiterio</span> <span class='ocrx_word' id='word_1_22' title='bbox 704 683 797 752; x_wconf 88' lang='lat' dir='ltr'>illam</span> <span class='ocrx_word' id='word_1_23' title='bbox 820 683 991 778; x_wconf 18' lang='lat' dir='ltr'>sicuposse</span> <span class='ocrx_word' id='word_1_24' title='bbox 1014 690 1141 757; x_wconf 84' lang='lat' dir='ltr'>sanari.</span> 
     </span>
     <span class='ocr_line' id='line_1_4' title="bbox 62 796 1140 893; baseline 0.003 -25"><span class='ocrx_word' id='word_1_25' title='bbox 62 802 189 868; x_wconf 82' lang='lat' dir='ltr'>Timeo</span> <span class='ocrx_word' id='word_1_26' title='bbox 208 799 398 886; x_wconf 83' lang='lat' dir='ltr'>icrtunam3</span> <span class='ocrx_word' id='word_1_27' title='bbox 418 796 645 893; x_wconf 77' lang='lat' dir='ltr'><strong>imputabitur</strong></span> <span class='ocrx_word' id='word_1_28' title='bbox 663 799 770 882; x_wconf 79' lang='lat' dir='ltr'>mihi,</span> <span class='ocrx_word' id='word_1_29' title='bbox 792 798 924 891; x_wconf 89' lang='lat' dir='ltr'>siquid</span> <span class='ocrx_word' id='word_1_30' title='bbox 946 801 1140 872; x_wconf 74' lang='lat' dir='ltr'>&#39;acciderit</span> 
     </span>
     <span class='ocr_line' id='line_1_5' title="bbox 64 913 1142 1012; baseline 0.003 -26"><span class='ocrx_word' id='word_1_31' title='bbox 64 919 158 986; x_wconf 80' lang='lat' dir='ltr'>Ecce</span> <span class='ocrx_word' id='word_1_32' title='bbox 170 929 210 984; x_wconf 87' lang='lat' dir='ltr'>tu</span> <span class='ocrx_word' id='word_1_33' title='bbox 221 940 276 986; x_wconf 88' lang='lat' dir='ltr'>me</span> <span class='ocrx_word' id='word_1_34' title='bbox 289 940 359 986; x_wconf 91' lang='lat' dir='ltr'>non</span> <span class='ocrx_word' id='word_1_35' title='bbox 371 939 471 1010; x_wconf 85' lang='lat' dir='ltr'>posse</span> <span class='ocrx_word' id='word_1_36' title='bbox 488 938 558 985; x_wconf 90' lang='lat' dir='ltr'>non</span> <span class='ocrx_word' id='word_1_37' title='bbox 572 913 697 983; x_wconf 84' lang='lat' dir='ltr'>credis.</span> <span class='ocrx_word' id='word_1_38' title='bbox 711 916 841 1010; x_wconf 82' lang='lat' dir='ltr'>Omnes</span> <span class='ocrx_word' id='word_1_39' title='bbox 857 913 982 986; x_wconf 87' lang='lat' dir='ltr'>medici</span> <span class='ocrx_word' id='word_1_40' title='bbox 995 937 1142 1012; x_wconf 81' lang='lat' dir='ltr'>negant:</span> 
     </span>
     <span class='ocr_line' id='line_1_6' title="bbox 64 1027 1142 1125; baseline 0.004 -27"><span class='ocrx_word' id='word_1_41' title='bbox 64 1046 106 1098; x_wconf 88' lang='lat' dir='ltr'>et</span> <span class='ocrx_word' id='word_1_42' title='bbox 128 1053 221 1098; x_wconf 88' lang='lat' dir='ltr'>nunc</span> <span class='ocrx_word' id='word_1_43' title='bbox 234 1027 469 1121; x_wconf 70' lang='lat' dir='ltr'>diligentiores</span> <span class='ocrx_word' id='word_1_44' title='bbox 490 1028 656 1112; x_wconf 84' lang='lat' dir='ltr'>inerunt,</span> <span class='ocrx_word' id='word_1_45' title='bbox 677 1031 758 1121; x_wconf 85' lang='lat' dir='ltr'>quia</span> <span class='ocrx_word' id='word_1_46' title='bbox 777 1030 815 1097; x_wconf 93' lang='lat' dir='ltr'>in</span> <span class='ocrx_word' id='word_1_47' title='bbox 832 1041 867 1098; x_wconf 88' lang='lat' dir='ltr'>te</span> <span class='ocrx_word' id='word_1_48' title='bbox 890 1029 1026 1125; x_wconf 88' lang='lat' dir='ltr'>decepti</span> <span class='ocrx_word' id='word_1_49' title='bbox 1050 1050 1142 1102; x_wconf 91' lang='lat' dir='ltr'>sunt.</span> 
     </span>
     <span class='ocr_line' id='line_1_7' title="bbox 64 1143 1145 1242; baseline 0.006 -29"><span class='ocrx_word' id='word_1_50' title='bbox 64 1147 147 1214; x_wconf 83' lang='lat' dir='ltr'>Non</span> <span class='ocrx_word' id='word_1_51' title='bbox 165 1168 238 1213; x_wconf 85' lang='lat' dir='ltr'>sum</span> <span class='ocrx_word' id='word_1_52' title='bbox 258 1159 359 1230; x_wconf 79' lang='lat' dir='ltr'>tuntte</span> <span class='ocrx_word' id='word_1_53' title='bbox 375 1145 542 1227; x_wconf 73' lang='lat' dir='ltr'>scientim,</span> <span class='ocrx_word' id='word_1_54' title='bbox 562 1159 697 1236; x_wconf 58' lang='lat' dir='ltr'>manua</span> <span class='ocrx_word' id='word_1_55' title='bbox 714 1143 845 1214; x_wconf 83' lang='lat' dir='ltr'>videor.</span> <span class='ocrx_word' id='word_1_56' title='bbox 863 1148 1001 1240; x_wconf 74' lang='lat' dir='ltr'>Magnis</span> <span class='ocrx_word' id='word_1_57' title='bbox 1015 1171 1145 1242; x_wconf 75' lang='lat' dir='ltr'>praece-</span> 
     </span>
     <span class='ocr_line' id='line_1_8' title="bbox 65 1258 1146 1358; baseline 0.006 -32"><span class='ocrx_word' id='word_1_58' title='bbox 65 1258 228 1353; x_wconf 87' lang='lat' dir='ltr'>ptoribus</span> <span class='ocrx_word' id='word_1_59' title='bbox 248 1283 334 1354; x_wconf 89' lang='lat' dir='ltr'>opus</span> <span class='ocrx_word' id='word_1_60' title='bbox 356 1277 419 1330; x_wconf 88' lang='lat' dir='ltr'>est.</span> <span class='ocrx_word' id='word_1_61' title='bbox 444 1263 518 1355; x_wconf 81' lang='lat' dir='ltr'>Ego</span> <span class='ocrx_word' id='word_1_62' title='bbox 540 1258 718 1330; x_wconf 82' lang='lat' dir='ltr'>abdicatus</span> <span class='ocrx_word' id='word_1_63' title='bbox 741 1260 869 1330; x_wconf 86' lang='lat' dir='ltr'>studui.</span> <span class='ocrx_word' id='word_1_64' title='bbox 898 1263 1036 1355; x_wconf 81' lang='lat' dir='ltr'>Quaeris</span> <span class='ocrx_word' id='word_1_65' title='bbox 1058 1289 1146 1358; x_wconf 89' lang='lat' dir='ltr'>quo-</span> 
     </span>
     <span class='ocr_line' id='line_1_9' title="bbox 67 1363 1141 1474; baseline 0.005 -28"><span class='ocrx_word' id='word_1_66' title='bbox 67 1374 173 1446; x_wconf 89' lang='lat' dir='ltr'>modo</span> <span class='ocrx_word' id='word_1_67' title='bbox 191 1392 225 1445; x_wconf 86' lang='lat' dir='ltr'>te</span> <span class='ocrx_word' id='word_1_68' title='bbox 239 1379 429 1446; x_wconf 81' lang='lat' dir='ltr'>sanaverim</span> <span class='ocrx_word' id='word_1_69' title='bbox 440 1379 456 1446; x_wconf 77' lang='lat' dir='ltr'><strong>P</strong></span> <span class='ocrx_word' id='word_1_70' title='bbox 469 1401 538 1446; x_wconf 89' lang='lat' dir='ltr'>non</span> <span class='ocrx_word' id='word_1_71' title='bbox 558 1376 620 1445; x_wconf 87' lang='lat' dir='ltr'>tibi</span> <span class='ocrx_word' id='word_1_72' title='bbox 638 1375 811 1467; x_wconf 85' lang='lat' dir='ltr'>medicus,</span> <span class='ocrx_word' id='word_1_73' title='bbox 834 1378 895 1447; x_wconf 87' lang='lat' dir='ltr'>sed</span> <span class='ocrx_word' id='word_1_74' title='bbox 908 1363 999 1448; x_wconf 80' lang='lat' dir='ltr'>filius</span> <span class='ocrx_word' id='word_1_75' title='bbox 1013 1382 1141 1474; x_wconf 82' lang='lat' dir='ltr'>profui.</span> 
     </span>
     <span class='ocr_line' id='line_1_10' title="bbox 66 1489 1142 1588; baseline 0.002 -24"><span class='ocrx_word' id='word_1_76' title='bbox 66 1492 253 1564; x_wconf 85' lang='lat' dir='ltr'>Desiderio</span> <span class='ocrx_word' id='word_1_77' title='bbox 277 1489 480 1581; x_wconf 82' lang='lat' dir='ltr'>laborabas,</span> <span class='ocrx_word' id='word_1_78' title='bbox 500 1508 636 1586; x_wconf 76' lang='lat' dir='ltr'>gratum</span> <span class='ocrx_word' id='word_1_79' title='bbox 660 1493 724 1562; x_wconf 88' lang='lat' dir='ltr'>tibi</span> <span class='ocrx_word' id='word_1_80' title='bbox 751 1510 841 1579; x_wconf 87' lang='lat' dir='ltr'>erat,</span> <span class='ocrx_word' id='word_1_81' title='bbox 869 1493 1039 1588; x_wconf 90' lang='lat' dir='ltr'>quidquid</span> <span class='ocrx_word' id='word_1_82' title='bbox 1058 1499 1142 1583; x_wconf 83' lang='lat' dir='ltr'>meis</span> 
     </span>
     <span class='ocr_line' id='line_1_11' title="bbox 67 1608 1141 1703; baseline 0.003 -25"><span class='ocrx_word' id='word_1_83' title='bbox 67 1608 228 1678; x_wconf 81' lang='lat' dir='ltr'>munibus</span> <span class='ocrx_word' id='word_1_84' title='bbox 254 1632 457 1703; x_wconf 58' lang='lat' dir='ltr'>acceperam</span> <span class='ocrx_word' id='word_1_85' title='bbox 480 1623 520 1678; x_wconf 87' lang='lat' dir='ltr'>ut</span> <span class='ocrx_word' id='word_1_86' title='bbox 542 1609 692 1703; x_wconf 89' lang='lat' dir='ltr'>primum</span> <span class='ocrx_word' id='word_1_87' title='bbox 714 1608 863 1693; x_wconf 73' lang='lat' dir='ltr'>intravi,</span> <span class='ocrx_word' id='word_1_88' title='bbox 888 1625 1061 1680; x_wconf 86' lang='lat' dir='ltr'>recreatus</span> <span class='ocrx_word' id='word_1_89' title='bbox 1083 1635 1141 1699; x_wconf 84' lang='lat' dir='ltr'>es;</span> 
     </span>
     <span class='ocr_line' id='line_1_12' title="bbox 64 1722 1145 1820; baseline 0.004 -28"><span class='ocrx_word' id='word_1_90' title='bbox 64 1723 156 1820; x_wconf 88' lang='lat' dir='ltr'>quid</span> <span class='ocrx_word' id='word_1_91' title='bbox 179 1726 216 1793; x_wconf 91' lang='lat' dir='ltr'>in</span> <span class='ocrx_word' id='word_1_92' title='bbox 241 1741 277 1795; x_wconf 86' lang='lat' dir='ltr'>te</span> <span class='ocrx_word' id='word_1_93' title='bbox 301 1726 490 1796; x_wconf 89' lang='lat' dir='ltr'>curandum</span> <span class='ocrx_word' id='word_1_94' title='bbox 514 1740 624 1808; x_wconf 82' lang='lat' dir='ltr'>esset,</span> <span class='ocrx_word' id='word_1_95' title='bbox 651 1722 796 1793; x_wconf 81' lang='lat' dir='ltr'>adverti.</span> <span class='ocrx_word' id='word_1_96' title='bbox 828 1727 908 1795; x_wconf 72' lang='lat' dir='ltr'>Hoc</span> <span class='ocrx_word' id='word_1_97' title='bbox 930 1749 1006 1812; x_wconf 52' lang='lat' dir='ltr'>non,</span> <span class='ocrx_word' id='word_1_98' title='bbox 1026 1726 1145 1796; x_wconf 85' lang='lat' dir='ltr'>eodem</span> 
     </span>
     <span class='ocr_line' id='line_1_13' title="bbox 65 1838 1142 1926; baseline 0.004 -17"><span class='ocrx_word' id='word_1_99' title='bbox 65 1839 189 1910; x_wconf 87' lang='lat' dir='ltr'>morbo</span> <span class='ocrx_word' id='word_1_100' title='bbox 198 1838 342 1909; x_wconf 81' lang='lat' dir='ltr'>laborat.</span> <span class='ocrx_word' id='word_1_101' title='bbox 355 1838 747 1921; x_wconf 86' lang='lat' dir='ltr'>Multasuntdissimilia‚</span> <span class='ocrx_word' id='word_1_102' title='bbox 765 1863 875 1924; x_wconf 84' lang='lat' dir='ltr'>sexus,</span> <span class='ocrx_word' id='word_1_103' title='bbox 890 1857 982 1926; x_wconf 79' lang='lat' dir='ltr'>retas,</span> <span class='ocrx_word' id='word_1_104' title='bbox 998 1843 1142 1913; x_wconf 86' lang='lat' dir='ltr'>unimus.</span> 
     </span>
     <span class='ocr_line' id='line_1_14' title="bbox 65 1953 1147 2050; baseline 0.005 -26"><span class='ocrx_word' id='word_1_105' title='bbox 65 1953 164 2024; x_wconf 83' lang='lat' dir='ltr'>Nihil</span> <span class='ocrx_word' id='word_1_106' title='bbox 180 1955 288 2047; x_wconf 76' lang='lat' dir='ltr'>magis</span> <span class='ocrx_word' id='word_1_107' title='bbox 300 1956 401 2050; x_wconf 70' lang='lat' dir='ltr'>egris</span> <span class='ocrx_word' id='word_1_108' title='bbox 414 1953 573 2049; x_wconf 82' lang='lat' dir='ltr'>prodest,</span> <span class='ocrx_word' id='word_1_109' title='bbox 591 1979 694 2046; x_wconf 86' lang='lat' dir='ltr'>quam</span> <span class='ocrx_word' id='word_1_110' title='bbox 707 1954 752 2023; x_wconf 86' lang='lat' dir='ltr'>ab</span> <span class='ocrx_word' id='word_1_111' title='bbox 765 1979 807 2026; x_wconf 83' lang='lat' dir='ltr'>eo</span> <span class='ocrx_word' id='word_1_112' title='bbox 822 1956 953 2039; x_wconf 88' lang='lat' dir='ltr'>curari,</span> <span class='ocrx_word' id='word_1_113' title='bbox 969 1979 989 2024; x_wconf 86' lang='lat' dir='ltr'>a</span> <span class='ocrx_word' id='word_1_114' title='bbox 1003 1980 1072 2050; x_wconf 90' lang='lat' dir='ltr'>quo</span> <span class='ocrx_word' id='word_1_115' title='bbox 1083 1983 1147 2029; x_wconf 82' lang='lat' dir='ltr'>vo·</span> 
     </span>
     <span class='ocr_line' id='line_1_15' title="bbox 66 2063 1185 2167; baseline 0.006 -29"><span class='ocrx_word' id='word_1_116' title='bbox 66 2070 159 2138; x_wconf 85' lang='lat' dir='ltr'>lunt.</span> <span class='ocrx_word' id='word_1_117' title='bbox 176 2072 384 2140; x_wconf 83' lang='lat' dir='ltr'>Temerariis</span> <span class='ocrx_word' id='word_1_118' title='bbox 401 2070 562 2140; x_wconf 86' lang='lat' dir='ltr'>remediis</span> <span class='ocrx_word' id='word_1_119' title='bbox 579 2095 702 2164; x_wconf 78' lang='lat' dir='ltr'>graves</span> <span class='ocrx_word' id='word_1_120' title='bbox 719 2071 830 2140; x_wconf 84' lang='lat' dir='ltr'>morbi</span> <span class='ocrx_word' id='word_1_121' title='bbox 848 2078 1046 2158; x_wconf 80' lang='lat' dir='ltr'>curantur’,</span> <span class='ocrx_word' id='word_1_122' title='bbox 1067 2076 1147 2167; x_wconf 90' lang='lat' dir='ltr'>qui-</span> <span class='ocrx_word' id='word_1_123' title='bbox 1173 2063 1185 2094; x_wconf 87' lang='grc'><strong>’</strong></span> 
     </span>
     <span class='ocr_line' id='line_1_16' title="bbox 66 2185 654 2258; baseline 0.003 -3"><span class='ocrx_word' id='word_1_124' title='bbox 66 2185 134 2256; x_wconf 84' lang='lat' dir='ltr'>bus</span> <span class='ocrx_word' id='word_1_125' title='bbox 150 2187 202 2254; x_wconf 93' lang='lat' dir='ltr'>uti</span> <span class='ocrx_word' id='word_1_126' title='bbox 220 2210 290 2256; x_wconf 93' lang='lat' dir='ltr'>non</span> <span class='ocrx_word' id='word_1_127' title='bbox 309 2185 418 2258; x_wconf 81' lang='lat' dir='ltr'>audeo</span> <span class='ocrx_word' id='word_1_128' title='bbox 434 2188 472 2255; x_wconf 90' lang='lat' dir='ltr'>in</span> <span class='ocrx_word' id='word_1_129' title='bbox 492 2211 654 2258; x_wconf 86' lang='lat' dir='ltr'>noverca.</span> 
     </span>
    </p>
   </div>
   <div class='ocr_carea' id='block_1_3' title="bbox 116 2322 1145 2418">
    <p class='ocr_par' dir='ltr' id='par_1_3' title="bbox 116 2322 1145 2418">
     <span class='ocr_line' id='line_1_17' title="bbox 116 2322 1145 2418; baseline 0.004 -24"><span class='ocrx_word' id='word_1_130' title='bbox 116 2323 291 2394; x_wconf 80' lang='lat' dir='ltr'><strong>EXTRA.</strong></span> <span class='ocrx_word' id='word_1_131' title='bbox 301 2327 334 2395; x_wconf 90' lang='lat' dir='ltr'>N</span> <span class='ocrx_word' id='word_1_132' title='bbox 335 2348 379 2394; x_wconf 91' lang='lat' dir='ltr'>on</span> <span class='ocrx_word' id='word_1_133' title='bbox 390 2340 527 2418; x_wconf 81' lang='lat' dir='ltr'>oportet</span> <span class='ocrx_word' id='word_1_134' title='bbox 537 2324 786 2396; x_wconf 74' lang='lat' dir='ltr'>adolescentem</span> <span class='ocrx_word' id='word_1_135' title='bbox 798 2325 984 2418; x_wconf 86' lang='lat' dir='ltr'>quidquam</span> <span class='ocrx_word' id='word_1_136' title='bbox 993 2322 1145 2398; x_wconf 74' lang='lat' dir='ltr'>noveicae</span> 
     </span>
    </p>
   </div>
   <div class='ocr_carea' id='block_1_4' title="bbox 66 2439 1146 2655">
    <p class='ocr_par' dir='ltr' id='par_1_4' title="bbox 66 2439 1146 2655">
     <span class='ocr_line' id='line_1_18' title="bbox 66 2439 1146 2536; baseline 0.003 -25"><span class='ocrx_word' id='word_1_137' title='bbox 66 2463 292 2530; x_wconf 81' lang='lat' dir='ltr'>succensere3</span> <span class='ocrx_word' id='word_1_138' title='bbox 315 2439 469 2535; x_wconf 89' lang='lat' dir='ltr'>alioquin</span> <span class='ocrx_word' id='word_1_139' title='bbox 494 2440 567 2511; x_wconf 88' lang='lat' dir='ltr'>odit</span> <span class='ocrx_word' id='word_1_140' title='bbox 582 2457 618 2511; x_wconf 90' lang='lat' dir='ltr'>et</span> <span class='ocrx_word' id='word_1_141' title='bbox 636 2441 775 2536; x_wconf 80' lang='lat' dir='ltr'>gaudet.</span> <span class='ocrx_word' id='word_1_142' title='bbox 796 2442 975 2512; x_wconf 77' lang='lat' dir='ltr'>Ferendus</span> <span class='ocrx_word' id='word_1_143' title='bbox 991 2460 1043 2514; x_wconf 86' lang='lat' dir='ltr'>eat</span> <span class='ocrx_word' id='word_1_144' title='bbox 1060 2444 1146 2514; x_wconf 90' lang='lat' dir='ltr'>ado-</span> 
     </span>
     <span class='ocr_line' id='line_1_19' title="bbox 67 2557 952 2655; baseline 0.001 -30"><span class='ocrx_word' id='word_1_145' title='bbox 67 2557 216 2655; x_wconf 78' lang='lat' dir='ltr'>lescens,</span> <span class='ocrx_word' id='word_1_146' title='bbox 238 2559 266 2625; x_wconf 90' lang='lat' dir='ltr'>si</span> <span class='ocrx_word' id='word_1_147' title='bbox 285 2581 321 2626; x_wconf 88' lang='lat' dir='ltr'>se</span> <span class='ocrx_word' id='word_1_148' title='bbox 338 2574 491 2645; x_wconf 62' lang='lat' dir='ltr'>excusum</span> <span class='ocrx_word' id='word_1_149' title='bbox 511 2583 580 2628; x_wconf 92' lang='lat' dir='ltr'>non</span> <span class='ocrx_word' id='word_1_150' title='bbox 599 2573 669 2644; x_wconf 87' lang='lat' dir='ltr'>est,</span> <span class='ocrx_word' id='word_1_151' title='bbox 688 2559 717 2626; x_wconf 91' lang='lat' dir='ltr'>si</span> <span class='ocrx_word' id='word_1_152' title='bbox 733 2558 921 2628; x_wconf 86' lang='lat' dir='ltr'>ulciscitur.</span> <span class='ocrx_word' id='word_1_153' title='bbox 948 2583 952 2590; x_wconf 63' lang='lat'><strong><em>⁴</em></strong></span> 
     </span>
    </p>
   </div>
   <div class='ocr_carea' id='block_1_5' title="bbox 66 2706 1143 2918">
    <p class='ocr_par' dir='ltr' id='par_1_5' title="bbox 66 2706 1143 2918">
     <span class='ocr_line' id='line_1_20' title="bbox 116 2706 1143 2803; baseline 0.001 -25"><span class='ocrx_word' id='word_1_154' title='bbox 116 2707 231 2778; x_wconf 80' lang='lat' dir='ltr'><strong>PARS</strong></span> <span class='ocrx_word' id='word_1_155' title='bbox 249 2708 441 2779; x_wconf 83' lang='lat' dir='ltr'><strong>ALTERA.</strong></span> <span class='ocrx_word' id='word_1_156' title='bbox 462 2707 665 2803; x_wconf 75' lang='lat' dir='ltr'>Lugendum</span> <span class='ocrx_word' id='word_1_157' title='bbox 681 2722 749 2791; x_wconf 87' lang='lat' dir='ltr'>est,</span> <span class='ocrx_word' id='word_1_158' title='bbox 767 2706 918 2777; x_wconf 85' lang='lat' dir='ltr'>flendum</span> <span class='ocrx_word' id='word_1_159' title='bbox 933 2724 1004 2795; x_wconf 78' lang='lat' dir='ltr'>est3</span> <span class='ocrx_word' id='word_1_160' title='bbox 1024 2709 1061 2777; x_wconf 92' lang='lat' dir='ltr'>in</span> <span class='ocrx_word' id='word_1_161' title='bbox 1077 2709 1143 2779; x_wconf 90' lang='lat' dir='ltr'>hoc</span> 
     </span>
     <span class='ocr_line' id='line_1_21' title="bbox 66 2820 1142 2918; baseline 0.003 -26"><span class='ocrx_word' id='word_1_162' title='bbox 66 2847 123 2892; x_wconf 88' lang='lat' dir='ltr'>me</span> <span class='ocrx_word' id='word_1_163' title='bbox 151 2820 382 2894; x_wconf 79' lang='lat' dir='ltr'>conservasti?</span> <span class='ocrx_word' id='word_1_164' title='bbox 404 2827 519 2894; x_wconf 88' lang='lat' dir='ltr'>Hostis</span> <span class='ocrx_word' id='word_1_165' title='bbox 545 2823 730 2918; x_wconf 80' lang='lat' dir='ltr'>aliquando</span> <span class='ocrx_word' id='word_1_166' title='bbox 751 2823 874 2894; x_wconf 84' lang='lat' dir='ltr'>vulnus</span> <span class='ocrx_word' id='word_1_167' title='bbox 899 2825 1029 2893; x_wconf 84' lang='lat' dir='ltr'>sanavit</span> <span class='ocrx_word' id='word_1_168' title='bbox 1049 2825 1142 2916; x_wconf 90' lang='lat' dir='ltr'>quod</span> 
     </span>
    </p>
   </div>
   <div class='ocr_carea' id='block_1_6' title="bbox 65 2935 1140 3270">
    <p class='ocr_par' dir='ltr' id='par_1_6' title="bbox 65 2935 1140 3270">
     <span class='ocr_line' id='line_1_22' title="bbox 65 2935 1140 3036; baseline 0.001 -27"><span class='ocrx_word' id='word_1_169' title='bbox 65 2935 238 3027; x_wconf 80' lang='lat' dir='ltr'>iecerat³,</span> <span class='ocrx_word' id='word_1_170' title='bbox 259 2940 304 3010; x_wconf 90' lang='lat' dir='ltr'>ob</span> <span class='ocrx_word' id='word_1_171' title='bbox 322 2940 390 3010; x_wconf 88' lang='lat' dir='ltr'>hoc</span> <span class='ocrx_word' id='word_1_172' title='bbox 407 2941 566 3027; x_wconf 84' lang='lat' dir='ltr'>maxime,</span> <span class='ocrx_word' id='word_1_173' title='bbox 586 2941 767 3035; x_wconf 77' lang='lat' dir='ltr'>quisalius</span> <span class='ocrx_word' id='word_1_174' title='bbox 779 2965 897 3012; x_wconf 85' lang='lat' dir='ltr'>sanare</span> <span class='ocrx_word' id='word_1_175' title='bbox 910 2965 979 3012; x_wconf 92' lang='lat' dir='ltr'>non</span> <span class='ocrx_word' id='word_1_176' title='bbox 993 2957 1140 3036; x_wconf 86' lang='lat' dir='ltr'>poterat.</span> 
     </span>
     <span class='ocr_line' id='line_1_23' title="bbox 65 3057 1140 3154; baseline 0.002 -28"><span class='ocrx_word' id='word_1_177' title='bbox 65 3059 203 3150; x_wconf 79' lang='lat' dir='ltr'>Negant</span> <span class='ocrx_word' id='word_1_178' title='bbox 216 3080 314 3151; x_wconf 86' lang='lat' dir='ltr'>posse</span> <span class='ocrx_word' id='word_1_179' title='bbox 327 3059 453 3127; x_wconf 85' lang='lat' dir='ltr'>sanari.</span> <span class='ocrx_word' id='word_1_180' title='bbox 469 3059 576 3128; x_wconf 86' lang='lat' dir='ltr'>Nemo</span> <span class='ocrx_word' id='word_1_181' title='bbox 589 3059 730 3154; x_wconf 83' lang='lat' dir='ltr'>suscipit</span> <span class='ocrx_word' id='word_1_182' title='bbox 744 3085 752 3127; x_wconf 75' lang='grc' dir='ltr'><strong>ε</strong></span> <span class='ocrx_word' id='word_1_183' title='bbox 765 3083 864 3130; x_wconf 89' lang='lat' dir='ltr'>nemo</span> <span class='ocrx_word' id='word_1_184' title='bbox 877 3057 950 3129; x_wconf 88' lang='lat' dir='ltr'>vnit</span> <span class='ocrx_word' id='word_1_185' title='bbox 963 3060 1054 3129; x_wconf 90' lang='lat' dir='ltr'>enim</span> <span class='ocrx_word' id='word_1_186' title='bbox 1069 3059 1140 3129; x_wconf 85' lang='lat' dir='ltr'>filio</span> 
     </span>
     <span class='ocr_line' id='line_1_24' title="bbox 65 3174 496 3270; baseline 0.002 -28"><span class='ocrx_word' id='word_1_187' title='bbox 65 3174 281 3243; x_wconf 75' lang='lat' dir='ltr'>mutationem</span> <span class='ocrx_word' id='word_1_188' title='bbox 297 3175 496 3270; x_wconf 76' lang='lat' dir='ltr'>praeripere.</span> 
     </span>
    </p>
   </div>
   <div class='ocr_carea' id='block_1_7' title="bbox 59 3318 1138 3535">
    <p class='ocr_par' dir='ltr' id='par_1_7' title="bbox 59 3318 1138 3535">
     <span class='ocr_line' id='line_1_25' title="bbox 116 3318 1138 3417; baseline 0.005 -29"><span class='ocrx_word' id='word_1_189' title='bbox 116 3318 286 3390; x_wconf 81' lang='grc' dir='ltr'><strong>ΕΧΤΒΔ.</strong></span> <span class='ocrx_word' id='word_1_190' title='bbox 299 3323 425 3392; x_wconf 75' lang='lat' dir='ltr'>Ponam</span> <span class='ocrx_word' id='word_1_191' title='bbox 435 3321 582 3408; x_wconf 86' lang='lat' dir='ltr'>dicebat,</span> <span class='ocrx_word' id='word_1_192' title='bbox 598 3326 693 3391; x_wconf 90' lang='lat' dir='ltr'>Inter</span> <span class='ocrx_word' id='word_1_193' title='bbox 705 3337 820 3417; x_wconf 85' lang='lat' dir='ltr'>patres</span> <span class='ocrx_word' id='word_1_194' title='bbox 833 3339 868 3392; x_wconf 91' lang='lat' dir='ltr'>et</span> <span class='ocrx_word' id='word_1_195' title='bbox 881 3323 968 3391; x_wconf 84' lang='lat' dir='ltr'>filios</span> <span class='ocrx_word' id='word_1_196' title='bbox 982 3323 1019 3392; x_wconf 89' lang='lat' dir='ltr'>id</span> <span class='ocrx_word' id='word_1_197' title='bbox 1032 3325 1138 3393; x_wconf 85' lang='lat' dir='ltr'>solnm</span> 
     </span>
     <span class='ocr_line' id='line_1_26' title="bbox 59 3433 679 3535; baseline 0.01 -33"><span class='ocrx_word' id='word_1_198' title='bbox 59 3433 171 3529; x_wconf 82' lang='lat' dir='ltr'>judex</span> <span class='ocrx_word' id='word_1_199' title='bbox 183 3450 280 3528; x_wconf 84' lang='lat' dir='ltr'>putat</span> <span class='ocrx_word' id='word_1_200' title='bbox 293 3435 410 3522; x_wconf 88' lang='lat' dir='ltr'>licere,</span> <span class='ocrx_word' id='word_1_201' title='bbox 427 3436 519 3531; x_wconf 92' lang='lat' dir='ltr'>quod</span> <span class='ocrx_word' id='word_1_202' title='bbox 533 3455 679 3535; x_wconf 89' lang='lat' dir='ltr'>oportet.</span> 
     </span>
    </p>
   </div>
   <div class='ocr_carea' id='block_1_8' title="bbox 64 3568 1142 4368">
    <p class='ocr_par' dir='ltr' id='par_1_8' title="bbox 65 3568 1141 3720">
     <span class='ocr_line' id='line_1_27' title="bbox 65 3568 1141 3646; baseline 0.003 -25"><span class='ocrx_word' id='word_1_203' title='bbox 65 3580 186 3622; x_wconf 74' lang='lat' dir='ltr'>numeret</span> <span class='ocrx_word' id='word_1_204' title='bbox 207 3568 320 3623; x_wconf 82' lang='lat' dir='ltr'>criminis</span> <span class='ocrx_word' id='word_1_205' title='bbox 343 3571 433 3640; x_wconf 77' lang='lat' dir='ltr'>partim</span> <span class='ocrx_word' id='word_1_206' title='bbox 457 3573 580 3646; x_wconf 76' lang='lat' dir='ltr'>perfecti,</span> <span class='ocrx_word' id='word_1_207' title='bbox 630 3573 727 3627; x_wconf 80' lang='lat' dir='ltr'>morbis</span> <span class='ocrx_word' id='word_1_208' title='bbox 740 3585 832 3627; x_wconf 81' lang='lat' dir='ltr'>temere</span> <span class='ocrx_word' id='word_1_209' title='bbox 849 3571 1005 3627; x_wconf 81' lang='lat' dir='ltr'>medicinam</span> <span class='ocrx_word' id='word_1_210' title='bbox 1017 3573 1141 3628; x_wconf 69' lang='lat' dir='ltr'>adhiberi.</span> 
     </span>
     <span class='ocr_line' id='line_1_28' title="bbox 66 3645 726 3720; baseline 0.015 -24"><span class='ocrx_word' id='word_1_211' title='bbox 66 3645 161 3719; x_wconf 77' lang='lat' dir='ltr'>partim</span> <span class='ocrx_word' id='word_1_212' title='bbox 173 3645 322 3720; x_wconf 75' lang='lat' dir='ltr'>imperfecti.</span> <span class='ocrx_word' id='word_1_213' title='bbox 334 3647 431 3704; x_wconf 74' lang='lat' dir='ltr'>Seiron.</span> <span class='ocrx_word' id='word_1_214' title='bbox 630 3652 726 3708; x_wconf 79' lang='lat' dir='ltr'>Schott.</span> 
     </span>
    </p>

    <p class='ocr_par' dir='ltr' id='par_1_9' title="bbox 64 3726 1142 4041">
     <span class='ocr_line' id='line_1_29' title="bbox 104 3726 1141 3802; baseline 0 -21"><span class='ocrx_word' id='word_1_215' title='bbox 104 3747 126 3781; x_wconf 86' lang='lat'>1.</span> <span class='ocrx_word' id='word_1_216' title='bbox 145 3726 178 3782; x_wconf 80' lang='lat' dir='ltr'>St</span> <span class='ocrx_word' id='word_1_217' title='bbox 196 3729 265 3796; x_wconf 80' lang='lat' dir='ltr'>quid</span> <span class='ocrx_word' id='word_1_218' title='bbox 279 3731 407 3784; x_wconf 73' lang='lat' dir='ltr'>acciderit.</span> <span class='ocrx_word' id='word_1_219' title='bbox 429 3730 582 3785; x_wconf 78' lang='lat' dir='ltr'>Humanitus</span> <span class='ocrx_word' id='word_1_220' title='bbox 663 3729 688 3784; x_wconf 81' lang='lat'>3·</span> <span class='ocrx_word' id='word_1_221' title='bbox 699 3730 949 3802; x_wconf 77' lang='lat' dir='ltr'>Hostiscliquando</span> <span class='ocrx_word' id='word_1_222' title='bbox 956 3734 1141 3783; x_wconf 74' lang='lat' dir='ltr'>volomtario·</span> 
     </span>
     <span class='ocr_line' id='line_1_30' title="bbox 64 3806 1140 3881; baseline -0.003 -19"><span class='ocrx_word' id='word_1_223' title='bbox 64 3807 179 3872; x_wconf 74' lang='lat' dir='ltr'>seilicet,</span> <span class='ocrx_word' id='word_1_224' title='bbox 188 3807 238 3861; x_wconf 83' lang='lat' dir='ltr'>hoc</span> <span class='ocrx_word' id='word_1_225' title='bbox 250 3821 295 3874; x_wconf 81' lang='lat' dir='ltr'>est,</span> <span class='ocrx_word' id='word_1_226' title='bbox 306 3808 328 3862; x_wconf 83' lang='lat' dir='ltr'>si</span> <span class='ocrx_word' id='word_1_227' title='bbox 339 3810 469 3865; x_wconf 79' lang='lat' dir='ltr'>morietur.</span> <span class='ocrx_word' id='word_1_228' title='bbox 479 3813 583 3864; x_wconf 70' lang='lat' dir='ltr'>Lemma</span> <span class='ocrx_word' id='word_1_229' title='bbox 630 3813 671 3861; x_wconf 80' lang='lat' dir='ltr'>vit</span> <span class='ocrx_word' id='word_1_230' title='bbox 681 3808 878 3881; x_wconf 63' lang='lat' dir='ltr'>quodsum,</span> <span class='ocrx_word' id='word_1_231' title='bbox 897 3819 925 3861; x_wconf 86' lang='lat' dir='ltr'>ut</span> <span class='ocrx_word' id='word_1_232' title='bbox 944 3807 1054 3862; x_wconf 79' lang='lat' dir='ltr'>Achillis</span> <span class='ocrx_word' id='word_1_233' title='bbox 1070 3806 1140 3859; x_wconf 75' lang='lat' dir='ltr'>hesta</span> 
     </span>
     <span class='ocr_line' id='line_1_31' title="bbox 67 3885 1142 3961; baseline 0.001 -23"><span class='ocrx_word' id='word_1_234' title='bbox 67 3885 360 3942; x_wconf 71' lang='lat' dir='ltr'>tannovmimozsa·</span> <span class='ocrx_word' id='word_1_235' title='bbox 370 3892 438 3958; x_wconf 74' lang='lat' dir='ltr'>quid</span> <span class='ocrx_word' id='word_1_236' title='bbox 447 3891 583 3945; x_wconf 76' lang='lat' dir='ltr'>altertob-</span> <span class='ocrx_word' id='word_1_237' title='bbox 631 3887 776 3941; x_wconf 80' lang='lat' dir='ltr'>vulneratus</span> <span class='ocrx_word' id='word_1_238' title='bbox 793 3887 921 3961; x_wconf 82' lang='lat' dir='ltr'>Telephus</span> <span class='ocrx_word' id='word_1_239' title='bbox 941 3885 972 3940; x_wconf 77' lang='lat' dir='ltr'>ab</span> <span class='ocrx_word' id='word_1_240' title='bbox 996 3885 1084 3938; x_wconf 76' lang='lat' dir='ltr'>endam</span> <span class='ocrx_word' id='word_1_241' title='bbox 1101 3904 1142 3939; x_wconf 86' lang='lat' dir='ltr'>re·</span> 
     </span>
     <span class='ocr_line' id='line_1_32' title="bbox 64 3960 1141 4041; baseline -0.006 -21"><span class='ocrx_word' id='word_1_242' title='bbox 64 3965 183 4034; x_wconf 59' lang='lat' dir='ltr'>tinent,</span> <span class='ocrx_word' id='word_1_243' title='bbox 192 3965 311 4037; x_wconf 70' lang='lat' dir='ltr'>adquam</span> <span class='ocrx_word' id='word_1_244' title='bbox 321 3967 393 4041; x_wconf 83' lang='lat' dir='ltr'>piore</span> <span class='ocrx_word' id='word_1_245' title='bbox 401 3967 530 4022; x_wconf 66' lang='lat' dir='ltr'>numism</span> <span class='ocrx_word' id='word_1_246' title='bbox 538 3969 583 4022; x_wconf 80' lang='lat' dir='ltr'>ld.</span> <span class='ocrx_word' id='word_1_247' title='bbox 631 3964 745 4019; x_wconf 87' lang='lat' dir='ltr'>medium</span> <span class='ocrx_word' id='word_1_248' title='bbox 755 3965 824 4038; x_wconf 83' lang='lat' dir='ltr'>petit.</span> <span class='ocrx_word' id='word_1_249' title='bbox 835 3963 913 4016; x_wconf 77' lang='lat' dir='ltr'>ovid.</span> <span class='ocrx_word' id='word_1_250' title='bbox 925 3961 1045 4016; x_wconf 83' lang='lat' dir='ltr'>«Vulnus</span> <span class='ocrx_word' id='word_1_251' title='bbox 1053 3960 1141 4015; x_wconf 70' lang='lat' dir='ltr'>schit-</span> 
     </span>
    </p>

    <p class='ocr_par' dir='ltr' id='par_1_10' title="bbox 64 4039 1142 4274">
     <span class='ocr_line' id='line_1_33' title="bbox 100 4039 1138 4116; baseline -0.003 -20"><span class='ocrx_word' id='word_1_252' title='bbox 100 4063 127 4096; x_wconf 65' lang='grc' dir='ltr'>α.</span> <span class='ocrx_word' id='word_1_253' title='bbox 152 4043 311 4098; x_wconf 81' lang='lat' dir='ltr'>Temerariis</span> <span class='ocrx_word' id='word_1_254' title='bbox 343 4047 466 4100; x_wconf 79' lang='lat' dir='ltr'>remediis</span> <span class='ocrx_word' id='word_1_255' title='bbox 491 4065 584 4116; x_wconf 71' lang='lat' dir='ltr'>grum</span> <span class='ocrx_word' id='word_1_256' title='bbox 631 4045 674 4098; x_wconf 84' lang='lat' dir='ltr'>leo</span> <span class='ocrx_word' id='word_1_257' title='bbox 694 4042 763 4116; x_wconf 79' lang='lat' dir='ltr'>quod</span> <span class='ocrx_word' id='word_1_258' title='bbox 784 4042 914 4114; x_wconf 85' lang='lat' dir='ltr'>quondsm</span> <span class='ocrx_word' id='word_1_259' title='bbox 938 4041 1033 4093; x_wconf 78' lang='lat' dir='ltr'>sereret</span> <span class='ocrx_word' id='word_1_260' title='bbox 1054 4039 1138 4105; x_wconf 81' lang='lat' dir='ltr'>hosti,</span> 
     </span>
     <span class='ocr_line' id='line_1_34' title="bbox 64 4121 1142 4196; baseline 0.002 -22"><span class='ocrx_word' id='word_1_261' title='bbox 64 4121 296 4176; x_wconf 66' lang='lat' dir='ltr'>marsicanam.</span> <span class='ocrx_word' id='word_1_262' title='bbox 309 4123 389 4192; x_wconf 80' lang='lat' dir='ltr'>Atqui</span> <span class='ocrx_word' id='word_1_263' title='bbox 402 4123 585 4196; x_wconf 78' lang='lat' dir='ltr'>vetstHippo-</span> <span class='ocrx_word' id='word_1_264' title='bbox 632 4123 754 4178; x_wconf 79' lang='lat' dir='ltr'>Vulneris</span> <span class='ocrx_word' id='word_1_265' title='bbox 770 4123 892 4178; x_wconf 74' lang='lat' dir='ltr'>auxilium</span> <span class='ocrx_word' id='word_1_266' title='bbox 911 4121 996 4175; x_wconf 81' lang='lat' dir='ltr'>Pelias</span> <span class='ocrx_word' id='word_1_267' title='bbox 1012 4121 1083 4174; x_wconf 75' lang='lat' dir='ltr'>hesta</span> <span class='ocrx_word' id='word_1_268' title='bbox 1095 4133 1142 4176; x_wconf 87' lang='lat' dir='ltr'>tu·</span> 
     </span>
     <span class='ocr_line' id='line_1_35' title="bbox 67 4198 805 4274; baseline -0.001 -20"><span class='ocrx_word' id='word_1_269' title='bbox 67 4211 151 4260; x_wconf 75' lang='lat' dir='ltr'>etates</span> <span class='ocrx_word' id='word_1_270' title='bbox 177 4198 205 4252; x_wconf 82' lang='lat' dir='ltr'>in</span> <span class='ocrx_word' id='word_1_271' title='bbox 230 4199 369 4273; x_wconf 68' lang='lat' dir='ltr'>gravibus,</span> <span class='ocrx_word' id='word_1_272' title='bbox 397 4201 585 4274; x_wconf 81' lang='lat' dir='ltr'>desperatisque</span> <span class='ocrx_word' id='word_1_273' title='bbox 633 4203 695 4256; x_wconf 84' lang='lat' dir='ltr'>iit.»</span> <span class='ocrx_word' id='word_1_274' title='bbox 708 4199 805 4256; x_wconf 70' lang='lat' dir='ltr'>&amp;hott</span> 
     </span>
    </p>

    <p class='ocr_par' dir='ltr' id='par_1_11' title="bbox 152 4282 1019 4368">
     <span class='ocr_line' id='line_1_36' title="bbox 152 4282 1019 4368; baseline 0.003 -25"><span class='ocrx_word' id='word_1_275' title='bbox 152 4284 180 4346; x_wconf 90' lang='lat'>1.</span> <span class='ocrx_word' id='word_1_276' title='bbox 195 4284 312 4348; x_wconf 68' lang='lat' dir='ltr'>Seneca</span> <span class='ocrx_word' id='word_1_277' title='bbox 327 4309 397 4368; x_wconf 74' lang='lat' dir='ltr'>pm</span> <span class='ocrx_word' id='word_1_278' title='bbox 411 4291 544 4350; x_wconf 77' lang='lat' dir='ltr'>seamda.</span> <span class='ocrx_word' id='word_1_279' title='bbox 981 4282 1019 4364; x_wconf 74' lang='grc'>34</span> 
     </span>
    </p>
   </div>
   <div class='ocr_carea' id='block_1_9' title="bbox 0 0 1443 4796">
    <p class='ocr_par' dir='ltr' id='par_1_12' title="bbox 0 0 1443 4796">
     <span class='ocr_line' id='line_1_37' title="bbox 0 0 1443 4796; baseline 0 0"><span class='ocrx_word' id='word_1_280' title='bbox 0 0 1443 4796; x_wconf 95' lang='lat' dir='ltr'> </span> 
     </span>
    </p>
   </div>
  </div>
 </body>
</html>
