2878 4816
267 395 701 495 conmovnnsrtnnn
723 427 804 494 ns.
830 428 886 510 11,
917 429 967 495 13.
1086 430 1149 495 215

87 558 182 626 beros
199 579 270 624 non
288 552 470 624 habehant.
492 553 658 646 Quaedam
675 559 789 649 itaque
807 556 928 626 elisere
946 575 1146 650 conceptos3
1210 616 1212 619 .

5 773 6 782 ἵ
88 672 235 766 quasdam
250 669 500 740 foecunditatem
519 693 610 738 suam
629 689 765 742 muratae
780 688 870 741 sunt.
888 673 992 766 Quod
1006 673 1050 744 ad
1063 673 1152 742 hauc

5 783 6 790 '
87 790 253 880 pertinet,
281 787 353 880 agit
378 809 446 854 suae
471 785 613 853 lortunae
638 789 782 879 gratias,
810 787 902 880 quod
923 788 981 857 illo
1002 806 1153 882 tempore

87 907 173 975 nihil
192 905 341 998 peperit.
376 907 558 996 Tyrannus
588 905 776 997 suspicatus
802 921 881 992 est,
912 907 1012 975 istum
1039 909 1153 975 neseio

86 1019 169 1112 qnid
193 1019 240 1088 de
267 1015 495 1111 tyrannicidio
513 1017 663 1112 cogitare
682 1047 690 1087 ε
707 1021 778 1088 sive
793 1022 848 1088 isti
864 1017 997 1113 aliquid
1010 1019 1151 1107 excidit,

88 1137 155 1204 sire
174 1159 300 1228 magna
312 1134 458 1204 consilia
485 1157 554 1202 non
573 1135 668 1205 ¹bene
692 1135 805 1203 vultus
828 1138 948 1229 tegit¹.
969 1137 1093 1230 Utique
1112 1138 1155 1204 de
1197 1141 1200 1148 '
1229 1174 1249 1238 ';

89 1253 201 1320 uxoris
214 1252 415 1344 garrulitate
431 1252 529 1342 queri
542 1275 610 1319 non
624 1267 732 1343 potes,
749 1276 854 1344 quum
868 1253 972 1338 scias,
991 1253 1155 1344 quemad-

88 1369 221 1438 modum
238 1383 360 1436 taceat.
378 1367 474 1435 Misit
486 1369 600 1460 itaque
613 1368 774 1436 satellites
790 1395 796 1434 ε
814 1368 1013 1454 Attrectate,
1028 1367 1154 1460 inquit,

88 1507 245 1570 uxorem,
267 1500 321 1562 et,
341 1483 486 1575 adjecit,
503 1485 530 1550 si
547 1507 632 1574 quos
647 1483 736 1550 filios
747 1482 865 1550 habet.
877 1484 1027 1552 Veniunt
1040 1486 1078 1552 in
1092 1485 1155 1552 do·

90 1625 176 1669 mum
194 1600 422 1670 crudelissimi
446 1599 645 1684 carnifices,
672 1601 707 1666 in
732 1623 876 1691 qnorum
894 1598 1044 1667 vultibus
1061 1617 1159 1668 eraut
1213 1609 1216 1614 '

5 1739 6 1746 ¹
91 1729 272 1783 tormenta,
290 1715 441 1782 Iactatur
456 1714 578 1782 misera
592 1709 683 1781 inter
696 1714 877 1782 satellitum
892 1735 1023 1797 manus,
1040 1729 1074 1781 et
1089 1715 1158 1782 toto

89 1828 210 1896 itinere
235 1851 307 1895 non
326 1825 484 1914 ducitur,
515 1826 576 1895 sed
602 1827 762 1896 trahitur.
786 1829 846 1896 Isti
872 1828 914 1896 de
932 1827 1158 1920 tyrannicidio

90 1943 250 2012 autheter
266 1947 336 2035 jam
355 1943 533 2013 consilium
553 1943 755 2012 indicemus.
775 1946 847 2012 lam
866 1946 972 2033 enim,
996 1961 1095 2039 puto,
1113 1946 1160 2012 li·
1227 2035 1230 2044 Ι

91 2076 152 2128 cet.
167 2062 294 2154 Nupsit
306 2061 362 2128 isti
377 2076 519 2154 propter
533 2059 660 2128 liberos
678 2087 685 2126 :
702 2059 762 2128 sed
777 2061 929 2130 infelices
944 2065 1081 2156 nuptias
1092 2064 1159 2131 cito

92 2192 254 2269 tyrannus
271 2179 459 2270 oppressit,
480 2179 547 2245 hoc
565 2177 740 2270 publicum
760 2177 944 2246 divortium
959 2177 1035 2247 init.
1051 2181 1159 2272 Rapi-

5 2349 7 2352 .
93 2297 200 2363 turin
216 2317 332 2363 arcem
352 2294 489 2380 mulier,
509 2297 601 2362 inter
618 2295 798 2365 satellitum
818 2319 936 2366 manus
950 2313 1092 2366 vexatur
1106 2315 1154 2365 at·

92 2435 155 2504 qne
172 2411 387 2481 distrahitur.
409 2415 506 2482 Hanc
522 2413 666 2504 aliquis,
688 2415 788 2480 ctiam
809 2415 838 2480 si
857 2429 1154 2506 contorqueatur,

93 2551 156 2595 noa
169 2549 294 2622 parere
311 2529 480 2598 miretur?
495 2529 652 2622 imposita
667 2531 704 2596 in
717 2529 898 2620 equuleum
911 2534 938 2613 ²,
955 2532 1077 2622 saepius
1095 2531 1158 2597 ab‹

5 2715 7 2738 ,
92 2659 216 2711 sentem
249 2643 360 2710 virum
394 2643 562 2735 respexit,
597 2667 696 2736 qnam
730 2656 929 2734 presentem
961 2657 1154 2734 tyrannum.

5 2743 17 2792 t·
94 2757 200 2851 Quam
215 2759 339 2828 multas
351 2775 475 2828 matres
484 2759 600 2827 andivi
614 2759 674 2827 illo
689 2775 856 2853 tempore:
869 2758 1157 2851 Quidnamrolni,

94 2899 164 2965 (ιω
181 2879 331 2970 raeti?
769 2955 772 2963 .
1043 2871 1046 2876 ’

138 2991 280 3060 Arrun
300 2994 400 3060 Fuscr
421 3013 541 3061 rums.
563 2993 757 3086 Explicatur
774 3009 863 3062 totus
879 2997 1063 3087 tyrannieae
1078 3019 1158 3063 cru-

95 3105 239 3178 delitatis
261 3104 424 3177 adversus
448 3107 618 3176 infelicem
645 3107 804 3178 feminam
822 3126 1025 3204 apparatus,
1049 3126 1082 3178 ct
1100 3111 1158 3178 illa

5 3233 7 3288 ἱ
96 3224 314 3292 instrumenta
325 3227 473 3294 virorum
489 3245 626 3315 quoque
639 3225 768 3290 animos
781 3225 854 3316 ipso
865 3207 940 3294 visa
952 3225 1156 3316 frangentia,

43 3377 50 3402 .
96 3337 135 3406 ad
149 3339 386 3408 excutiendam
402 3337 560 3407 muliebri
580 3339 710 3432 pectori
724 3342 946 3408 constantiam
961 3364 1158 3435 proponun-

5 3503 7 3512 ,
98 3471 166 3541 tur·,
184 3459 289 3524 instat
305 3469 371 3523 tam
391 3455 721 3537 denuntiationibus,
740 3479 839 3547 quarn
856 3459 1030 3524 tormentis
1043 3473 1159 3551 tyran-

5 3587 7 3670 y
98 3593 175 3654 nus,
195 3587 231 3638 et
251 3567 409 3638 minando
425 3586 585 3663 torquet:
605 3585 705 3638 tacet.
721 3569 824 3645 ¹Videt
838 3571 1004 3640 intentum
1022 3575 1156 3668 tyranni

5 3671 7 3730 Ϊ
100 3687 244 3769 vultum,
263 3685 356 3755 videt
375 3686 491 3756 oculos
510 3685 676 3768 minaces,
699 3701 733 3752 et
754 3699 861 3771 tacet,
886 3685 964 3780 plus
986 3687 1049 3755 tibi
1073 3711 1160 3780 prte-

5 3915 9 3972 5
101 3904 604 3986 locpnltlicmndivortiumluit.nSclrult.
688 3912 1159 3985 a.Impositainequcleum.Vcn.ex·

134 4012 152 4042 ι.
171 3991 230 4043 Non
245 3992 306 4046 bene
320 3994 409 4046 vultus
423 3995 491 4060 tegit.
506 3989 604 4044 Scitum
650 3991 740 4056 posita
751 4009 759 4042 ,·
769 3990 838 4044 unde
855 3993 974 4059 deposita
991 3992 1057 4063 lego.
1070 3990 1159 4043 Simile

103 4064 160 4120 illud
168 4069 266 4123 Poetis:
276 4069 365 4122 allen!
374 4088 450 4140 quam
458 4066 562 4122 difficile
571 4079 606 4120 est
654 4066 777 4124 mendum
789 4069 822 4122 td
840 4069 942 4122 initium
960 4067 1038 4143 hujus
1050 4068 1163 4123 Contro-

5 4161 7 4166 ·
103 4143 193 4198 crimen
206 4166 258 4200 uon
269 4147 376 4221 prodere
387 4145 473 4200 vultu!
484 4167 497 4193 »
509 4146 604 4198 Solate.
655 4148 842 4202 veniaenotxvi·
852 4151 929 4204 Porro
938 4149 1165 4220 «respuittbsen-
