2894 4784
298 454 373 550 lili
629 461 677 526 M.
703 455 848 525 'Altum
871 451 1051 524 SENECAE

302 611 379 658 oum
405 601 472 654 tum
502 607 624 677 mogus
652 598 687 651 et
710 581 817 651 nobili
842 583 1008 650 sententis
1034 583 1203 668 certavit,
1230 598 1268 652 ut
1292 561 1395 654 milli

301 705 426 772 dixisse
442 699 599 780 videatur
612 699 816 780 animosius,
833 722 935 790 quam
949 699 1047 791 prior
1060 703 1085 765 ¹.

349 820 509 889 Occurrit
529 798 618 912 milri·
635 838 753 883 sensus
769 815 805 883 in
821 814 988 909 ejusmodi
1002 817 1162 899 materia,
1179 840 1201 883 a
1215 818 1391 888 Cornelio

299 940 441 1010 Severo¹
458 935 590 1017 dictus,
612 949 772 1027 tunquam
790 929 833 1002 de
851 933 1030 1015 Romanis,
1051 935 1167 1003 nescio
1189 959 1236 1004 sn
1254 961 1387 1029 parum

299 1055 446 1126 fortiter.
465 1051 585 1122 Edicto
601 1053 637 1120 in
653 1066 825 1145 posterum
844 1049 935 1119 diem
956 1075 1094 1145 pugno,
1114 1051 1296 1144 epulantes
1314 1058 1388 1123 mi.

298 1172 376 1240 lites
392 1167 545 1255 inducit,
564 1183 598 1237 et
615 1169 663 1236 sit
681 1193 688 1235 :

763 1345 797 1362 ...
805 1310 924 1380 stratique
937 1311 1112 1384 perberim,

497 1397 547 1450 Hie
559 1413 630 1448 mens
642 1406 691 1461 ert,
705 1393 808 1460 disere,
823 1393 886 1448 (lies.

297 1517 556 1611 Elegantissime
581 1513 718 1609 quidem
740 1515 897 1584 affectum
919 1514 1106 1584 animorum
1133 1517 1265 1586 incerta
1282 1533 1378 1586 sorte

296 1634 516 1727 pendentium
543 1632 709 1724 expressit
738 1657 745 1699 :
777 1631 837 1700 sed
858 1655 979 1724 ,purum
1004 1631 1149 1700 Romani
1174 1632 1279 1700 animi
1300 1657 1379 1703 ser-

295 1765 371 1818 vate
392 1765 444 1818 est
467 1746 688 1840 magnitudo3
717 1763 854 1815 ooenant
884 1749 974 1815 enim
1002 1763 1160 1841 tanquam
1188 1751 1379 1820 crastinum

294 1864 487 1958 desperent.
506 1866 665 1957 Quantus
678 1863 747 1931 illis
765 1861 957 1932 Laconibus
974 1864 1107 1932 animus
1125 1880 1212 1950 erut,
1232 1866 1379 1957 quinon

293 1995 452 2073 poterant
473 1979 588 2048 dicero
607 2005 614 2046 :
632 1981 696 2048 Hic
711 1977 788 2048 dies
805 1995 855 2048 est
868 2003 976 2048 meus.
1318 2049 1321 2056 ,

341 2096 433 2165 lllud
456 2099 646 2165 Porounncs
669 2097 918 2166 Grammaticus
941 2095 1106 2189 arguebat
1128 2097 1164 2164 iu
1185 2095 1253 2166 hoc
1272 2121 1376 2166 versu

294 2213 395 2302 quasi
408 2211 646 2298 soloecismum,
663 2212 757 2303 quod
766 2234 871 2304 quum
885 2211 1001 2304 plures
1014 2211 1214 2296 induxisset,
1226 2211 1374 2282 diceret:

293 2327 360 2395 llio
376 2351 471 2395 meus
489 2343 540 2396 est
557 2325 655 2414 dies3
675 2352 745 2396 non
755 2377 766 2412 ‚
786 2327 867 2397 Dies
883 2327 942 2395 hic
957 2343 1010 2396 est
1027 2345 1169 2397 noster:
1186 2345 1220 2398 et
1239 2331 1276 2398 in
1294 2353 1377 2398 sen-

291 2443 399 2510 tentie
410 2441 536 2534 optimu
547 2441 726 2510 accumbat
736 2440 773 2508 id
782 2439 875 2533 quod
884 2457 957 2510 emt
966 2441 1148 2532 optimum3
1162 2459 1255 2510 muts
1265 2445 1374 2528 enim,

293 2575 333 2626 ut
349 2573 465 2626 noster
478 2557 543 2642 sit,
558 2557 686 2650 peribit
702 2559 811 2625 omnis
825 2579 945 2625 versus
959 2557 1128 2650 elegantia
1147 2583 1153 2624 :
1170 2560 1207 2625 in
1223 2581 1292 2650 quo
1308 2560 1377 2627 hoo

295 2690 347 2743 est
367 2673 665 2756 decentissimum,
687 2672 781 2764 quod
798 2695 839 2741 ex
853 2674 1021 2741 communi
1037 2696 1193 2742 sermone
1209 2675 1373 2760 trahitur,

292 2814 371 2861 nam
386 2789 481 2881 qussi
495 2787 669 2882 proverbii
678 2787 754 2856 loco
761 2789 899 2871 est‚Hio
914 2787 988 2856 dies
1003 2812 1098 2859 meus
1111 2805 1182 2873 est3
1198 2804 1246 2873 et,
1264 2815 1374 2883 quum

296 2905 340 2974 ad
355 2927 490 2974 sensum
513 2905 692 2988 retuleris,
709 2926 753 2971 ne
774 2904 1077 2973 Grammaticorum
1092 2903 1230 2996 quidem
1244 2907 1377 2974 culum·

295 3021 370 3105 nie,
396 3021 441 3090 ab
460 3021 617 3089 omnibus
636 3019 766 3114 mugnis
791 3020 941 3112 ingeniis
959 3020 1213 3108 submovendo,
1234 3023 1377 3094 habebit

295 3138 421 3206 locum.
453 3133 620 3204 Dixerunt
643 3136 734 3205 enim
766 3160 835 3205 non
860 3157 976 3204 omnes
1001 3137 1120 3220 simul,
1148 3153 1313 3231 tanquam
1340 3141 1374 3208 in

295 3254 438 3323 chorum
456 3277 557 3322 manu
577 3251 723 3323 ducente
736 3253 987 3334 Grammatico,
1007 3250 1068 3320 sed
1086 3253 1212 3345 singuli
1230 3279 1273 3324 ex
1290 3256 1371 3326 his:

295 3369 361 3437 llic
372 3391 469 3438 meus
481 3383 531 3437 est
544 3366 630 3437 dies.

334 3605 356 3638 r.
371 3584 463 3658 Quam
471 3587 554 3654 prior.
566 3584 757 3658 Hocjudioiom
765 3585 811 3639 Se·
859 3584 946 3654 prisset
964 3603 971 3639 t
990 3585 1023 3638 ds
1042 3583 1092 3639 hoe
1112 3585 1237 3640 Ovidium
1258 3585 1373 3660 intelligo

300 3664 466 3737 notatquod
478 3665 602 3738 precessit
612 3663 810 3731 vcro,sliornrrr
859 3660 904 3714 lib.
918 3662 957 3714 lV
977 3662 1054 3716 Ponti
1067 3663 1113 3716 illo
1132 3684 1207 3718 versu
1223 3665 1372 3737 :nQniqu
1423 3681 1424 3710 1

296 3757 340 3798 sst.
352 3743 435 3816 Igitur
447 3755 539 3797 cantet
555 3742 744 3796 Disertissime
760 3743 810 3796 illa
859 3738 929 3792 dedit
942 3738 1370 3814 lntiocsrmenrsgnleseveruu
1421 3745 1424 3758 ¹

286 3823 378 3897 sertus
396 3825 524 3876 sententia
536 3819 672 3874 Dorionis.
687 3819 792 3875 Schult.
858 3817 973 3890 llojusne
985 3818 1019 3872 sit
1031 3838 1133 3872 tormen
1155 3819 1187 3872 de
1199 3819 1281 3872 AEtns
1303 3819 1372 3889 quod

332 3922 356 3956 s.
364 3901 390 3954 Α
399 3904 517 3957 Comelio
524 3899 624 3957 Severo.
633 3899 717 3968 Quem
727 3901 810 3969 Quin·
858 3897 973 3970 Virgilio
993 3897 1097 3969 quidm
1121 3897 1238 3952 tribuunt
1262 3898 1370 3952 dulsitsri

296 3979 398 4036 tilisnns
440 3977 637 4034 versifiestorem
675 3977 808 4032 meliorem
858 3987 992 4050 potestat
1002 3995 1035 4028 nn
1048 3976 1129 4049 potius
1137 3977 1267 4051 insignem
1275 3976 1370 4031 Sicilie

297 4078 376 4130 qnam
383 4070 482 4129 postnm
490 4056 561 4123 dixit,
571 4055 711 4111 secundum
722 4068 808 4110 tamen
857 4066 971 4107 montem
984 4073 1037 4108 non
1053 4067 1165 4127 separato
1179 4074 1255 4128 opere
1273 4054 1371 4108 dutri-

295 4138 382 4192 lscum
394 4149 575 4210 oecupstnrum
584 4175 592 4202 ,
601 4135 623 4189 si
633 4135 667 4188 sd
682 4135 808 4208 exemplar
858 4132 935 4208 poerit
946 4135 1008 4187 :sed
1018 4133 1236 4205 quemadmodum
1244 4133 1368 4207 Virgilius

289 4213 374 4288 ¹prirui
386 4213 447 4266 libri
459 4213 555 4267 bellum
571 4210 688 4268 Siculum
701 4211 808 4286 petrui-
857 4210 1044 4279 AEutidoslll,
1054 4210 1163 4266 Ovidius
1170 4212 1219 4266 XV
1226 4212 1366 4266 Mounes-
