2874 4808
290 473 356 578 ros
616 473 663 536 M.
695 469 842 538 suum
866 471 1044 538 sannen

288 625 357 697 quo
371 601 563 696 suspicietis
575 597 799 669 adolescentis
810 599 979 685 animum,
997 601 1073 670 illos
1085 599 1205 670 dentes
1217 601 1266 670 ad
1278 625 1368 673 mor

288 717 439 788 dcudum
454 720 683 811 provocantis.
698 715 798 800 Puto,
811 717 883 810 jum
897 717 1005 800 nihil,
1022 717 1114 808 quod
1126 719 1366 812 interrogetis,

263 825 269 840 ’
288 849 404 903 restat.
425 836 523 902 Musa
544 831 672 920 rhetor,
690 856 790 926 quem
810 832 983 902 interdum
999 833 1113 902 soletis
1128 833 1271 920 audire,
1289 835 1369 904 licet

290 951 381 1020 Mela
401 974 496 1018 meus
519 948 696 1018 contrahat
716 952 886 1037 frontem,
908 949 1049 1019 multum
1066 949 1190 1019 habuit
1206 953 1366 1048 ingenii,

290 1068 378 1138 nihil
404 1067 557 1138 cordis¹.
577 1069 702 1138 Omnia
724 1093 833 1162 usque
851 1066 896 1136 ad
917 1066 1075 1138 ultimum
1093 1084 1263 1138 tumorem
1288 1095 1369 1165 pen-

173 1279 175 1284 ,
290 1184 412 1268 ducta,
428 1200 468 1253 ut
482 1208 551 1252 non
564 1200 658 1252 extra
672 1187 867 1267 sanitatem,
884 1184 944 1254 sed
959 1201 1053 1256 extra
1068 1200 1226 1256 naturam
1240 1205 1365 1258 essent.

291 1303 382 1395 Quis
404 1303 495 1370 enim
508 1301 629 1369 ·ferret
654 1301 826 1371 homiuem
852 1300 895 1372 de
920 1301 1121 1396 siphonibus
1149 1301 1366 1391 'dicentem

294 1417 384 1487 Coelo
397 1421 574 1510 replessent:
591 1418 634 1486 de
651 1418 904 1512 sparsionibus,
922 1419 1088 1488 Oderatos
1102 1414 1240 1489 imbres³
1256 1448 1268 1487 .·
1284 1438 1321 1492 et
1333 1422 1370 1491 in

291 1537 417 1606 cultum
439 1531 621 1621 viridium,
647 1533 793 1604 Caelatas
808 1539 929 1605 silvas:
944 1537 1030 1605 etin
1044 1537 1201 1630 pictura,
1217 1538 1370 1607 Nemora

291 1642 503 1745 surgentium
518 1652 586 1722 Aut
602 1651 689 1720 illud
704 1652 797 1745 quod
824 1647 867 1721 de
893 1652 1014 1721 subitis
1039 1653 1205 1722 mortibus
1229 1657 1367 1723 memini

294 1793 372 1837 eum
385 1767 570 1853 dicentem,
582 1793 686 1861 quum
697 1792 756 1836 vos
768 1791 822 1836 me
835 1768 894 1838 illo
909 1767 1150 1863 perduxissetis
1163 1769 1369 1864 :Quidquid

290 1885 404 1955 avium
416 1884 551 1967 volitat,
569 1883 740 1977 quidquid
752 1885 897 1978 piscium
910 1900 1018 1970 natat,
1036 1885 1206 1979 quidquid
1220 1886 1370 1956 ferarum

294 2001 473 2083 discurrit,
484 2003 619 2100 nostris
641 2000 805 2096 sepelitur
828 2001 1020 2071 ventribus.
1036 2003 1162 2097 Quaere
1180 2025 1294 2087 nuuc,
1310 2026 1370 2070 cur

294 2118 406 2187 subito
425 2119 611 2187 moriamur
626 2141 635 2186 ε
652 2117 818 2187 mortibus
836 2120 994 2187 vivimus.
1011 2121 1088 2187 Non
1100 2142 1197 2212 ergo,
1214 2135 1250 2188 et
1261 2121 1291 2187 si
1300 2119 1371 2213 jam

265 2309 269 2316 ,
294 2235 519 2304 manumissus
542 2251 634 2318 erat,
662 2233 782 2304 debuit
800 2235 843 2305 de
865 2235 958 2305 corio
980 2236 1053 2329 ejus
1076 2235 1176 2304 nobis
1194 2235 1369 2304 satisfieri.

292 2353 371 2420 Non
385 2377 459 2447 sum
472 2377 513 2420 ex
522 2350 699 2445 judicibus
712 2351 947 2433 severissimis,
963 2353 1024 2444 qui
1037 2353 1150 2420 omnia
1162 2351 1207 2420 ad
1222 2367 1372 2422 exactam

295 2467 447 2566 regulam
468 2468 634 2562 redigam.
650 2466 758 2536 Multa
773 2465 930 2556 donanda
944 2469 1094 2561 ingeniis
1107 2484 1190 2562 puto
1208 2494 1217 2536 :
1234 2463 1297 2537 sed
1310 2465 1374 2536 do-

295 2583 407 2654 nanda
420 2585 515 2671 vitia,
531 2608 600 2651 non
615 2599 771 2677 portenta
785 2598 877 2650 sunt.
890 2585 924 2652 Si
941 2607 1009 2674 qua
1023 2597 1135 2650 tamen
1146 2581 1375 2651 tolerabiliter

294 2701 386 2770 dicta
400 2716 496 2785 sunt,
516 2722 584 2766 uon
598 2697 817 2784 subtraham,
834 2721 879 2766 ne
897 2697 996 2792 plura
1009 2696 1205 2782 videantur,
1222 2693 1277 2766 vel
1291 2697 1376 2766 sub-

291 2818 419 2909 jicietis
431 2840 504 2885 vos.
520 2816 628 2884 Oscus
641 2838 711 2882 non
723 2812 935 2884 incommode
948 2812 1045 2899 dixit,
1062 2812 1123 2883 sed
1136 2813 1203 2882 sibi
1217 2808 1371 2898 ‘nocuit

297 2931 378 3000 dum
386 2929 555 3002 nihilsine
564 2929 735 3000 schemate
745 2929 859 3000 dicere
870 2930 977 3022 cupit.
990 2929 1110 2998 Oratio
1119 2929 1193 3021 ejus
1204 2952 1276 2998 non
1287 2929 1375 3024 figu-

329 3164 350 3198 1.
366 3143 484 3196 Mullum
497 3139 590 3194 habuit
603 3145 717 3213 ingenii,
735 3141 802 3196 nibil
888 3140 912 3192 3.
928 3141 1060 3195 Odoratos
1077 3139 1180 3195 mem.
1196 3139 1290 3194 Solent
1303 3143 1373 3196 enirn

295 3219 470 3275 cordis-Illius
484 3231 583 3273 estnon
600 3219 714 3288 vulgaria
728 3219 806 3271 inre-
856 3222 883 3274 in
905 3221 1104 3294 Amphitheatris
1122 3221 1177 3275 tubi
1194 3241 1239 3275 sen
1260 3219 1373 3286 mule,

295 3303 364 3369 nire,
385 3302 462 3372 hujus
481 3301 567 3353 videre
582 3313 610 3351 ut
629 3317 715 3353 sensus
735 3297 765 3352 iis
783 3312 808 3351 et
856 3299 982 3372 liquorem
993 3299 1128 3354 odoratum
1142 3321 1155 3354 e
1168 3321 1258 3370 eroco,
1271 3322 1375 3356 evome·

294 3383 387 3436 sanitas
409 3392 513 3434 constet.
535 3379 587 3431 Cor
604 3377 714 3443 habere,
738 3376 807 3450 quod
857 3399 900 3444 re,
918 3399 968 3451 quo
979 3391 1119 3452 spectantes
1135 3377 1247 3449 jucunde
1260 3398 1374 3454 asperge·

294 3474 345 3525 est,
356 3461 431 3515 corde
441 3478 532 3527 supere
544 3457 635 3510 Plauto
644 3479 651 3522 ς
660 3456 701 3510 rui
710 3457 737 3509 id
748 3457 805 3508 dec·
857 3456 950 3511 bantrm
960 3475 967 3509 ι
978 3475 1036 3528 quse
1047 3471 1077 3511 nt
1088 3456 1131 3510 hie
1145 3469 1168 3510 et
1179 3477 1195 3511 a
1208 3457 1309 3512 Seneca
1318 3457 1374 3512 filio

294 3550 334 3596 rai
354 3539 476 3606 Rhetori,
491 3540 512 3590 is
530 3526 629 3592 necesse
643 3550 694 3605 est,
708 3545 739 3590 nt
759 3539 806 3589 in-
855 3535 971 3604 Sparsis
985 3548 1089 3589 vocatur
1097 3535 1141 3590 lib.
1154 3535 1179 3589 ll
1190 3549 1213 3590 et
1224 3537 1306 3610 Epist.
1318 3552 1372 3592 xci.

295 3641 356 3676 sana
374 3619 465 3672 dixerit
481 3635 487 3668 :
501 3617 586 3688 qualia
606 3631 663 3670 sunt
685 3629 710 3670 et
732 3614 807 3687 hujus
855 3613 955 3668 Senon.

292 3697 697 3772 Muste,qnesubjnngit8snsca.
707 3697 807 3749 Schult.
889 3694 913 3758 4.
927 3689 1043 3746 Caletos
1054 3695 1173 3747 silvas-..-
1189 3713 1299 3747 umam
1311 3712 1371 3746 sar·

326 3775 399 3830 nDe
409 3775 561 3844 siphonibus
570 3776 701 3830 διἐιηὶιηι.
710 3769 804 3842 Sipdo-
853 3773 951 3841 genita.
963 3769 1027 3824 Vult
1039 3771 1215 3845 Schultingius
1227 3771 1281 3846 legi
1291 3789 1300 3826 t
1311 3783 1338 3826 et
1346 3775 1374 3824 iss

294 3876 338 3911 nes
350 3854 423 3908 tubos
433 3866 459 3908 et
469 3854 584 3914 canales,
597 3855 667 3907 unde
683 3872 748 3923 aqua
769 3853 808 3905 es·
856 3853 955 3904 cultum
963 3851 1098 3912 viridium,
1106 3853 1372 3919 nemmeurgents‘nr

292 3936 359 3999 fluit,
372 3933 514 4006 designant.
528 3933 627 3985 Plinius
641 3932 685 3985 lib.
697 3927 740 3999 11,
753 3952 808 4004 cap.
856 3939 881 3980 et
895 3933 924 3980 t'n
933 3930 1080 3995 picturam,
1094 3931 1206 3981 calatas
1222 3931 1319 3982 ss'lrns.
1336 3930 1372 3981 Ie

292 4013 335 4080 o5,
344 4011 485 4086 deaquaz«
496 4007 712 4083 lnsummisjugis
722 4027 806 4060 erum·
854 4009 995 4075 picturam.
1008 4007 1106 4082 Nempe
1119 4005 1253 4060 viridium.
1269 4005 1322 4058 En.

295 4104 383 4158 pente,
399 4110 450 4160 quo
477 4087 566 4161 spiritu
591 4097 660 4151 aeta,
688 4097 713 4138 st
732 4097 805 4140 terre
889 4089 911 4139 5.
925 4085 981 4141 Sed
993 4087 1149 4140 sibinocrst't.
1162 4085 1261 4140 Multos
1281 4085 1329 4138 sibi
1343 4085 1370 4138 in

292 4169 405 4238 pondere
417 4185 544 4238 expressa,
556 4165 701 4240 Siphonum
711 4163 803 4230 modo,
855 4165 1019 4219 conciliando
1031 4206 1038 4233 ,
1050 4185 1103 4218 non
1117 4177 1216 4220 tantum
1234 4165 1371 4222 sententiaa

294 4245 393 4298 emicat.
404 4267 418 4295 s
432 4245 528 4301 Satan.
855 4245 1048 4317 corrumpendo.
1061 4243 1156 4301 &luta
