<?xml version="1.0" encoding="UTF-8"?>
<!DOCTYPE html PUBLIC "-//W3C//DTD XHTML 1.0 Transitional//EN"
    "http://www.w3.org/TR/xhtml1/DTD/xhtml1-transitional.dtd">
<html xmlns="http://www.w3.org/1999/xhtml" xml:lang="en" lang="en">
 <head>
  <title>
</title>
<meta http-equiv="Content-Type" content="text/html;charset=utf-8" />
  <meta name='ocr-system' content='tesseract 3.04.00' />
  <meta name='ocr-capabilities' content='ocr_page ocr_carea ocr_par ocr_line ocrx_word'/>
</head>
<body>
  <div class='ocr_page' id='page_1' title='image "./lannsenecparspr00bouigoog_0084.png"; bbox 0 0 2866 4814; ppageno 0'>
   <div class='ocr_carea' id='block_1_1' title="bbox 193 423 1352 2950">
    <p class='ocr_par' dir='ltr' id='par_1_1' title="bbox 268 423 1050 520">
     <span class='ocr_line' id='line_1_1' title="bbox 268 423 1050 520; baseline -0.005 -25"><span class='ocrx_word' id='word_1_1' title='bbox 268 455 314 520; x_wconf 72' lang='lat' dir='ltr'><strong>pn</strong></span> <span class='ocrx_word' id='word_1_2' title='bbox 566 429 639 494; x_wconf 70' lang='lat' dir='ltr'><strong>bl.</strong></span> <span class='ocrx_word' id='word_1_3' title='bbox 667 429 810 494; x_wconf 83' lang='lat' dir='ltr'>ANNAEI</span> <span class='ocrx_word' id='word_1_4' title='bbox 836 425 1014 493; x_wconf 79' lang='lat' dir='ltr'>SENECAE</span> <span class='ocrx_word' id='word_1_5' title='bbox 1047 423 1050 428; x_wconf 71' lang='grc'><strong>’</strong></span> 
     </span>
    </p>

    <p class='ocr_par' dir='ltr' id='par_1_2' title="bbox 193 553 1352 2950">
     <span class='ocr_line' id='line_1_2' title="bbox 270 553 1339 648; baseline -0.001 -28"><span class='ocrx_word' id='word_1_6' title='bbox 270 558 400 648; x_wconf 80' lang='lat' dir='ltr'><strong>gitione</strong></span> <span class='ocrx_word' id='word_1_7' title='bbox 422 555 619 636; x_wconf 78' lang='lat' dir='ltr'><strong>effudimus,</strong></span> <span class='ocrx_word' id='word_1_8' title='bbox 644 554 679 621; x_wconf 89' lang='lat' dir='ltr'><strong>id</strong></span> <span class='ocrx_word' id='word_1_9' title='bbox 697 578 796 622; x_wconf 88' lang='lat' dir='ltr'><strong>omne</strong></span> <span class='ocrx_word' id='word_1_10' title='bbox 814 553 1076 622; x_wconf 78' lang='lat' dir='ltr'><strong>consumebatur</strong></span> <span class='ocrx_word' id='word_1_11' title='bbox 1088 557 1125 619; x_wconf 91' lang='lat' dir='ltr'><strong>in</strong></span> <span class='ocrx_word' id='word_1_12' title='bbox 1139 554 1339 622; x_wconf 79' lang='lat' dir='ltr'><strong>alimentum</strong></span> 
     </span>
     <span class='ocr_line' id='line_1_3' title="bbox 193 669 1341 764; baseline -0.004 -24"><span class='ocrx_word' id='word_1_13' title='bbox 193 755 195 760; x_wconf 10' lang='grc' dir='ltr'><strong>λ</strong></span> <span class='ocrx_word' id='word_1_14' title='bbox 270 669 1242 764; x_wconf 80' lang='lat' dir='ltr'><strong>duorumsenquuumvetaretmepater,aiebat¹:lpse</strong></span> <span class='ocrx_word' id='word_1_15' title='bbox 1253 671 1341 738; x_wconf 86' lang='lat' dir='ltr'><strong>mibi</strong></span> 
     </span>
     <span class='ocr_line' id='line_1_4' title="bbox 272 782 1341 880; baseline -0.003 -26"><span class='ocrx_word' id='word_1_16' title='bbox 272 813 374 880; x_wconf 92' lang='lat' dir='ltr'><strong>quum</strong></span> <span class='ocrx_word' id='word_1_17' title='bbox 401 811 558 880; x_wconf 80' lang='lat' dir='ltr'><strong>egerem,</strong></span> <span class='ocrx_word' id='word_1_18' title='bbox 582 782 743 854; x_wconf 82' lang='lat' dir='ltr'><strong>alimenta</strong></span> <span class='ocrx_word' id='word_1_19' title='bbox 760 811 829 856; x_wconf 88' lang='lat' dir='ltr'><strong>non</strong></span> <span class='ocrx_word' id='word_1_20' title='bbox 845 785 966 853; x_wconf 86' lang='lat' dir='ltr'><strong>dabat.</strong></span> <span class='ocrx_word' id='word_1_21' title='bbox 992 788 1041 853; x_wconf 87' lang='lat' dir='ltr'><strong>Eo</strong></span> <span class='ocrx_word' id='word_1_22' title='bbox 1065 785 1135 877; x_wconf 84' lang='lat' dir='ltr'><strong>jam</strong></span> <span class='ocrx_word' id='word_1_23' title='bbox 1153 784 1341 876; x_wconf 87' lang='lat' dir='ltr'><strong>perductus</strong></span> 
     </span>
     <span class='ocr_line' id='line_1_5' title="bbox 271 890 1352 996; baseline -0.005 -24"><span class='ocrx_word' id='word_1_24' title='bbox 271 925 362 985; x_wconf 88' lang='lat' dir='ltr'><strong>erat,</strong></span> <span class='ocrx_word' id='word_1_25' title='bbox 380 922 418 971; x_wconf 90' lang='lat' dir='ltr'><strong>ut</strong></span> <span class='ocrx_word' id='word_1_26' title='bbox 431 927 562 971; x_wconf 88' lang='lat' dir='ltr'><strong>omnem</strong></span> <span class='ocrx_word' id='word_1_27' title='bbox 578 927 670 996; x_wconf 87' lang='lat' dir='ltr'><strong>spem</strong></span> <span class='ocrx_word' id='word_1_28' title='bbox 684 904 875 970; x_wconf 90' lang='lat' dir='ltr'><strong>ultimorum</strong></span> <span class='ocrx_word' id='word_1_29' title='bbox 888 901 1123 968; x_wconf 80' lang='lat' dir='ltr'><strong>alimentorum</strong></span> <span class='ocrx_word' id='word_1_30' title='bbox 1137 901 1171 967; x_wconf 91' lang='lat' dir='ltr'><strong>in</strong></span> <span class='ocrx_word' id='word_1_31' title='bbox 1186 925 1224 968; x_wconf 91' lang='lat' dir='ltr'><strong>ea</strong></span> <span class='ocrx_word' id='word_1_32' title='bbox 1237 890 1352 968; x_wconf 78' lang='lat' dir='ltr'><strong>uomo&#39;</strong></span> 
     </span>
     <span class='ocr_line' id='line_1_6' title="bbox 270 1017 1342 1112; baseline -0.005 -25"><span class='ocrx_word' id='word_1_33' title='bbox 270 1037 425 1112; x_wconf 86' lang='lat' dir='ltr'><strong>poneret,</strong></span> <span class='ocrx_word' id='word_1_34' title='bbox 441 1019 476 1085; x_wconf 90' lang='lat' dir='ltr'><strong>in</strong></span> <span class='ocrx_word' id='word_1_35' title='bbox 489 1043 556 1111; x_wconf 83' lang='lat' dir='ltr'><strong>qus</strong></span> <span class='ocrx_word' id='word_1_36' title='bbox 569 1018 713 1089; x_wconf 89' lang='lat' dir='ltr'><strong>habebat</strong></span> <span class='ocrx_word' id='word_1_37' title='bbox 724 1018 915 1086; x_wconf 84' lang='lat' dir='ltr'><strong>abdicatum</strong></span> <span class='ocrx_word' id='word_1_38' title='bbox 931 1032 966 1084; x_wconf 86' lang='lat' dir='ltr'><strong>et</strong></span> <span class='ocrx_word' id='word_1_39' title='bbox 979 1017 1167 1085; x_wconf 89' lang='lat' dir='ltr'><strong>inimicum.</strong></span> <span class='ocrx_word' id='word_1_40' title='bbox 1180 1019 1268 1084; x_wconf 84' lang='lat' dir='ltr'><strong>Ecce</strong></span> <span class='ocrx_word' id='word_1_41' title='bbox 1281 1038 1342 1106; x_wconf 92' lang='lat' dir='ltr'><strong>op-</strong></span> 
     </span>
     <span class='ocr_line' id='line_1_7' title="bbox 270 1132 1342 1228; baseline -0.003 -27"><span class='ocrx_word' id='word_1_42' title='bbox 270 1135 393 1227; x_wconf 76' lang='lat' dir='ltr'><strong>pressit</strong></span> <span class='ocrx_word' id='word_1_43' title='bbox 408 1135 664 1200; x_wconf 74' lang='lat' dir='ltr'><strong>increscentem.</strong></span> <span class='ocrx_word' id='word_1_44' title='bbox 684 1133 778 1228; x_wconf 89' lang='lat' dir='ltr'><strong>Quid</strong></span> <span class='ocrx_word' id='word_1_45' title='bbox 795 1149 931 1200; x_wconf 86' lang='lat' dir='ltr'><strong>acturus</strong></span> <span class='ocrx_word' id='word_1_46' title='bbox 944 1135 1006 1200; x_wconf 76' lang='lat' dir='ltr'><strong>es?</strong></span> <span class='ocrx_word' id='word_1_47' title='bbox 1024 1132 1133 1226; x_wconf 84' lang='lat' dir='ltr'><strong>pluris</strong></span> <span class='ocrx_word' id='word_1_48' title='bbox 1151 1133 1214 1201; x_wconf 90' lang='lat' dir='ltr'><strong>tibi</strong></span> <span class='ocrx_word' id='word_1_49' title='bbox 1227 1132 1342 1199; x_wconf 85' lang='lat' dir='ltr'><strong>-frater</strong></span> 
     </span>
     <span class='ocr_line' id='line_1_8' title="bbox 271 1246 1341 1342; baseline -0.003 -27"><span class='ocrx_word' id='word_1_50' title='bbox 271 1247 463 1315; x_wconf 83' lang='lat' dir='ltr'><strong>offerendus</strong></span> <span class='ocrx_word' id='word_1_51' title='bbox 482 1271 584 1338; x_wconf 85' lang='lat' dir='ltr'><strong>quam</strong></span> <span class='ocrx_word' id='word_1_52' title='bbox 604 1247 745 1315; x_wconf 86' lang='lat' dir='ltr'><strong>alendus</strong></span> <span class='ocrx_word' id='word_1_53' title='bbox 763 1248 826 1316; x_wconf 78' lang='lat' dir='ltr'><strong>est&#39;.</strong></span> <span class='ocrx_word' id='word_1_54' title='bbox 846 1247 935 1339; x_wconf 88' lang='lat' dir='ltr'><strong>Quis</strong></span> <span class='ocrx_word' id='word_1_55' title='bbox 948 1264 1085 1342; x_wconf 76' lang='lat' dir='ltr'><strong>rogatus</strong></span> <span class='ocrx_word' id='word_1_56' title='bbox 1100 1247 1171 1315; x_wconf 78' lang='lat' dir='ltr'><strong>est?</strong></span> <span class='ocrx_word' id='word_1_57' title='bbox 1186 1264 1245 1314; x_wconf 90' lang='lat' dir='ltr'><strong>aut</strong></span> <span class='ocrx_word' id='word_1_58' title='bbox 1263 1246 1341 1338; x_wconf 84' lang='lat' dir='ltr'><strong>quis</strong></span> 
     </span>
     <span class='ocr_line' id='line_1_9' title="bbox 265 1361 1342 1456; baseline -0.004 -25"><span class='ocrx_word' id='word_1_59' title='bbox 265 1361 409 1432; x_wconf 77' lang='lat' dir='ltr'><strong>&#39;fratrem</strong></span> <span class='ocrx_word' id='word_1_60' title='bbox 437 1378 504 1430; x_wconf 87' lang='lat' dir='ltr'><strong>tam</strong></span> <span class='ocrx_word' id='word_1_61' title='bbox 528 1362 680 1456; x_wconf 81' lang='lat' dir='ltr'><strong>locuples</strong></span> <span class='ocrx_word' id='word_1_62' title='bbox 699 1362 802 1431; x_wconf 86' lang='lat' dir='ltr'><strong>frater</strong></span> <span class='ocrx_word' id='word_1_63' title='bbox 818 1363 910 1430; x_wconf 90' lang='lat' dir='ltr'><strong>alere</strong></span> <span class='ocrx_word' id='word_1_64' title='bbox 935 1387 1003 1430; x_wconf 92' lang='lat' dir='ltr'><strong>non</strong></span> <span class='ocrx_word' id='word_1_65' title='bbox 1027 1364 1161 1456; x_wconf 79' lang='lat' dir='ltr'><strong>potest?</strong></span> <span class='ocrx_word' id='word_1_66' title='bbox 1185 1361 1342 1429; x_wconf 88' lang='lat' dir='ltr'><strong>Miserri-</strong></span> 
     </span>
     <span class='ocr_line' id='line_1_10' title="bbox 271 1477 1341 1569; baseline -0.005 -20"><span class='ocrx_word' id='word_1_67' title='bbox 271 1503 345 1549; x_wconf 91' lang='lat' dir='ltr'><strong>mus</strong></span> <span class='ocrx_word' id='word_1_68' title='bbox 361 1503 461 1547; x_wconf 85' lang='lat' dir='ltr'><strong>senex</strong></span> <span class='ocrx_word' id='word_1_69' title='bbox 477 1478 613 1547; x_wconf 83' lang='lat' dir='ltr'><strong>divitias</strong></span> <span class='ocrx_word' id='word_1_70' title='bbox 627 1501 722 1562; x_wconf 86' lang='lat' dir='ltr'><strong>suas,</strong></span> <span class='ocrx_word' id='word_1_71' title='bbox 736 1479 848 1569; x_wconf 87' lang='lat' dir='ltr'><strong>etjam</strong></span> <span class='ocrx_word' id='word_1_72' title='bbox 863 1493 1047 1546; x_wconf 86' lang='lat' dir='ltr'><strong>extremum</strong></span> <span class='ocrx_word' id='word_1_73' title='bbox 1068 1477 1341 1547; x_wconf 84' lang='lat' dir='ltr'><strong>blandimentum</strong></span> 
     </span>
     <span class='ocr_line' id='line_1_11' title="bbox 271 1591 1342 1687; baseline 0 -27"><span class='ocrx_word' id='word_1_74' title='bbox 271 1598 306 1661; x_wconf 90' lang='lat' dir='ltr'><strong>in</strong></span> <span class='ocrx_word' id='word_1_75' title='bbox 323 1595 443 1687; x_wconf 90' lang='lat' dir='ltr'><strong>stipem</strong></span> <span class='ocrx_word' id='word_1_76' title='bbox 458 1591 644 1686; x_wconf 87' lang='lat' dir='ltr'><strong>perdidit².</strong></span> <span class='ocrx_word' id='word_1_77' title='bbox 660 1595 749 1684; x_wconf 83' lang='lat' dir='ltr'><strong>lpse,</strong></span> <span class='ocrx_word' id='word_1_78' title='bbox 767 1593 891 1682; x_wconf 87' lang='lat' dir='ltr'><strong>inquit,</strong></span> <span class='ocrx_word' id='word_1_79' title='bbox 912 1617 965 1659; x_wconf 89' lang='lat' dir='ltr'><strong>me</strong></span> <span class='ocrx_word' id='word_1_80' title='bbox 977 1618 1044 1661; x_wconf 92' lang='lat' dir='ltr'><strong>non</strong></span> <span class='ocrx_word' id='word_1_81' title='bbox 1057 1593 1154 1660; x_wconf 87' lang='lat' dir='ltr'><strong>aluit.</strong></span> <span class='ocrx_word' id='word_1_82' title='bbox 1171 1593 1342 1660; x_wconf 83' lang='lat' dir='ltr'><strong>imitatio·</strong></span> 
     </span>
     <span class='ocr_line' id='line_1_12' title="bbox 272 1699 1339 1800; baseline 0 -25"><span class='ocrx_word' id='word_1_83' title='bbox 272 1731 348 1776; x_wconf 89' lang='lat' dir='ltr'><strong>nem</strong></span> <span class='ocrx_word' id='word_1_84' title='bbox 368 1709 485 1776; x_wconf 86' lang='lat' dir='ltr'><strong>alienae</strong></span> <span class='ocrx_word' id='word_1_85' title='bbox 502 1707 611 1799; x_wconf 74' lang='lat' dir='ltr'><strong>eulpae</strong></span> <span class='ocrx_word' id='word_1_86' title='bbox 634 1707 863 1780; x_wconf 88' lang='lat' dir='ltr'><strong>innocentiam</strong></span> <span class='ocrx_word' id='word_1_87' title='bbox 883 1732 982 1778; x_wconf 83' lang='lat' dir='ltr'><strong>vocas</strong></span> <span class='ocrx_word' id='word_1_88' title='bbox 995 1709 1009 1775; x_wconf 75' lang='grc' dir='ltr'><em>Ρ</em></span> <span class='ocrx_word' id='word_1_89' title='bbox 1024 1710 1096 1776; x_wconf 87' lang='lat' dir='ltr'><strong>Neo</strong></span> <span class='ocrx_word' id='word_1_90' title='bbox 1114 1732 1156 1782; x_wconf 86' lang='lat' dir='ltr'><strong>eo</strong></span> <span class='ocrx_word' id='word_1_91' title='bbox 1173 1699 1339 1800; x_wconf 81' lang='lat' dir='ltr'><strong>³quidem</strong></span> 
     </span>
     <span class='ocr_line' id='line_1_13' title="bbox 272 1820 1341 1916; baseline 0.002 -28"><span class='ocrx_word' id='word_1_92' title='bbox 272 1823 415 1889; x_wconf 69' lang='lat' dir='ltr'><strong>{estimas</strong></span> <span class='ocrx_word' id='word_1_93' title='bbox 424 1871 436 1906; x_wconf 87' lang='lat'>,</span> <span class='ocrx_word' id='word_1_94' title='bbox 454 1837 580 1912; x_wconf 87' lang='lat' dir='ltr'><strong>quanta</strong></span> <span class='ocrx_word' id='word_1_95' title='bbox 598 1823 660 1889; x_wconf 87' lang='lat' dir='ltr'><strong>ista</strong></span> <span class='ocrx_word' id='word_1_96' title='bbox 678 1820 860 1891; x_wconf 85' lang='lat' dir='ltr'><strong>crudelitas</strong></span> <span class='ocrx_word' id='word_1_97' title='bbox 874 1825 917 1890; x_wconf 89' lang='lat' dir='ltr'><strong>sit</strong></span> <span class='ocrx_word' id='word_1_98' title='bbox 935 1851 942 1889; x_wconf 90' lang='lat'>:</span> <span class='ocrx_word' id='word_1_99' title='bbox 961 1823 1093 1916; x_wconf 90' lang='lat' dir='ltr'><strong>quodsi</strong></span> <span class='ocrx_word' id='word_1_100' title='bbox 1109 1826 1186 1916; x_wconf 91' lang='lat' dir='ltr'><strong>quis</strong></span> <span class='ocrx_word' id='word_1_101' title='bbox 1201 1824 1341 1892; x_wconf 80' lang='lat' dir='ltr'><strong>fratrem</strong></span> 
     </span>
     <span class='ocr_line' id='line_1_14' title="bbox 272 1936 1341 2031; baseline -0.003 -22"><span class='ocrx_word' id='word_1_102' title='bbox 272 1963 342 2009; x_wconf 89' lang='lat' dir='ltr'><strong>non</strong></span> <span class='ocrx_word' id='word_1_103' title='bbox 371 1938 465 2017; x_wconf 61' lang='lat' dir='ltr'><strong>alit„</strong></span> <span class='ocrx_word' id='word_1_104' title='bbox 485 1961 548 2006; x_wconf 90' lang='lat' dir='ltr'><strong>nec</strong></span> <span class='ocrx_word' id='word_1_105' title='bbox 573 1962 593 2004; x_wconf 87' lang='lat' dir='ltr'><strong>a</strong></span> <span class='ocrx_word' id='word_1_106' title='bbox 619 1938 691 2005; x_wconf 89' lang='lat' dir='ltr'><strong>filio</strong></span> <span class='ocrx_word' id='word_1_107' title='bbox 710 1937 849 2029; x_wconf 90' lang='lat' dir='ltr'><strong>quidem</strong></span> <span class='ocrx_word' id='word_1_108' title='bbox 869 1936 1011 2006; x_wconf 86' lang='lat' dir='ltr'><strong>alendus</strong></span> <span class='ocrx_word' id='word_1_109' title='bbox 1038 1941 1114 2006; x_wconf 81' lang='lat' dir='ltr'><strong>est?</strong></span> <span class='ocrx_word' id='word_1_110' title='bbox 1134 1939 1229 2031; x_wconf 88' lang='lat' dir='ltr'><strong>Quid</strong></span> <span class='ocrx_word' id='word_1_111' title='bbox 1250 1939 1341 2008; x_wconf 87' lang='lat' dir='ltr'><strong>sdo-</strong></span> 
     </span>
     <span class='ocr_line' id='line_1_15' title="bbox 271 2052 1340 2146; baseline 0 -26"><span class='ocrx_word' id='word_1_112' title='bbox 271 2054 422 2146; x_wconf 88' lang='lat' dir='ltr'><strong>ptionem</strong></span> <span class='ocrx_word' id='word_1_113' title='bbox 437 2052 571 2143; x_wconf 82' lang='lat' dir='ltr'><strong>jactas?</strong></span> <span class='ocrx_word' id='word_1_114' title='bbox 590 2053 689 2120; x_wconf 87' lang='lat' dir='ltr'><strong>Tunc</strong></span> <span class='ocrx_word' id='word_1_115' title='bbox 703 2053 749 2120; x_wconf 89' lang='lat' dir='ltr'><strong>ad</strong></span> <span class='ocrx_word' id='word_1_116' title='bbox 765 2069 799 2120; x_wconf 88' lang='lat' dir='ltr'><strong>te</strong></span> <span class='ocrx_word' id='word_1_117' title='bbox 815 2055 914 2136; x_wconf 82' lang='lat' dir='ltr'><strong>veni,</strong></span> <span class='ocrx_word' id='word_1_118' title='bbox 935 2077 1040 2144; x_wconf 87' lang='lat' dir='ltr'><strong>quum</strong></span> <span class='ocrx_word' id='word_1_119' title='bbox 1066 2053 1226 2122; x_wconf 85' lang='lat' dir='ltr'><strong>haberem</strong></span> <span class='ocrx_word' id='word_1_120' title='bbox 1247 2053 1340 2121; x_wconf 86' lang='lat' dir='ltr'><strong>divi·</strong></span> 
     </span>
     <span class='ocr_line' id='line_1_16' title="bbox 272 2169 1339 2262; baseline 0.002 -26"><span class='ocrx_word' id='word_1_121' title='bbox 272 2187 340 2236; x_wconf 86' lang='lat' dir='ltr'><strong>tem</strong></span> <span class='ocrx_word' id='word_1_122' title='bbox 353 2185 495 2262; x_wconf 89' lang='lat' dir='ltr'><strong>patrem.</strong></span> <span class='ocrx_word' id='word_1_123' title='bbox 512 2169 663 2248; x_wconf 86' lang='lat' dir='ltr'><strong>Parcius,</strong></span> <span class='ocrx_word' id='word_1_124' title='bbox 675 2191 802 2259; x_wconf 85' lang='lat' dir='ltr'><strong>quaeso,</strong></span> <span class='ocrx_word' id='word_1_125' title='bbox 824 2169 957 2236; x_wconf 80' lang='lat' dir='ltr'><strong>fratres.</strong></span> <span class='ocrx_word' id='word_1_126' title='bbox 971 2171 1158 2238; x_wconf 85' lang='lat' dir='ltr'><strong>Praesentes</strong></span> <span class='ocrx_word' id='word_1_127' title='bbox 1172 2170 1339 2238; x_wconf 89' lang='lat' dir='ltr'><strong>habemus</strong></span> 
     </span>
     <span class='ocr_line' id='line_1_17' title="bbox 273 2279 1337 2382; baseline 0.003 -32"><span class='ocrx_word' id='word_1_128' title='bbox 273 2279 388 2351; x_wconf 84' lang='lat' dir='ltr'><strong>deos⁴.</strong></span> <span class='ocrx_word' id='word_1_129' title='bbox 417 2284 490 2351; x_wconf 85' lang='lat' dir='ltr'><strong>Scis</strong></span> <span class='ocrx_word' id='word_1_130' title='bbox 508 2298 579 2349; x_wconf 86' lang='lat' dir='ltr'><strong>tuto</strong></span> <span class='ocrx_word' id='word_1_131' title='bbox 595 2298 628 2348; x_wconf 87' lang='lat' dir='ltr'><strong>te</strong></span> <span class='ocrx_word' id='word_1_132' title='bbox 649 2282 777 2382; x_wconf 74' lang='lat' dir='ltr'><strong>lacere.</strong></span> <span class='ocrx_word' id='word_1_133' title='bbox 804 2284 912 2350; x_wconf 88' lang='lat' dir='ltr'><strong>Etiam</strong></span> <span class='ocrx_word' id='word_1_134' title='bbox 936 2285 964 2350; x_wconf 87' lang='lat' dir='ltr'><strong>si</strong></span> <span class='ocrx_word' id='word_1_135' title='bbox 980 2284 1212 2367; x_wconf 87' lang='lat' dir='ltr'><strong>abdicaveris‚</strong></span> <span class='ocrx_word' id='word_1_136' title='bbox 1234 2287 1337 2353; x_wconf 89' lang='lat' dir='ltr'><strong>alam.</strong></span> 
     </span>
     <span class='ocr_line' id='line_1_18' title="bbox 272 2396 1340 2479; baseline 0.001 -12"><span class='ocrx_word' id='word_1_137' title='bbox 272 2397 462 2467; x_wconf 85' lang='lat' dir='ltr'><strong>Fatendum</strong></span> <span class='ocrx_word' id='word_1_138' title='bbox 477 2413 527 2464; x_wconf 87' lang='lat' dir='ltr'><strong>est</strong></span> <span class='ocrx_word' id='word_1_139' title='bbox 540 2399 672 2467; x_wconf 87' lang='lat' dir='ltr'><strong>crimen</strong></span> <span class='ocrx_word' id='word_1_140' title='bbox 687 2423 815 2479; x_wconf 82' lang='lat' dir='ltr'><strong>meum,</strong></span> <span class='ocrx_word' id='word_1_141' title='bbox 838 2396 968 2468; x_wconf 87' lang='lat' dir='ltr'><strong>tardius</strong></span> <span class='ocrx_word' id='word_1_142' title='bbox 989 2402 1146 2468; x_wconf 84' lang='lat' dir='ltr'><strong>misertus</strong></span> <span class='ocrx_word' id='word_1_143' title='bbox 1163 2426 1257 2474; x_wconf 60' lang='lat' dir='ltr'><strong>sum„</strong></span> <span class='ocrx_word' id='word_1_144' title='bbox 1268 2403 1340 2468; x_wconf 89' lang='lat' dir='ltr'><strong>Ite-</strong></span> 
     </span>
     <span class='ocr_line' id='line_1_19' title="bbox 271 2509 1337 2606; baseline 0.004 -27"><span class='ocrx_word' id='word_1_145' title='bbox 271 2537 345 2580; x_wconf 88' lang='lat' dir='ltr'><strong>rum</strong></span> <span class='ocrx_word' id='word_1_146' title='bbox 362 2512 405 2580; x_wconf 92' lang='lat' dir='ltr'><strong>do</strong></span> <span class='ocrx_word' id='word_1_147' title='bbox 418 2537 535 2605; x_wconf 83' lang='lat' dir='ltr'><strong>poenas</strong></span> <span class='ocrx_word' id='word_1_148' title='bbox 552 2539 559 2578; x_wconf 93' lang='lat'><strong>:</strong></span> <span class='ocrx_word' id='word_1_149' title='bbox 574 2537 669 2604; x_wconf 79' lang='lat' dir='ltr'><strong>egeo.</strong></span> <span class='ocrx_word' id='word_1_150' title='bbox 684 2513 885 2581; x_wconf 83' lang='lat' dir='ltr'><strong>Parentibus</strong></span> <span class='ocrx_word' id='word_1_151' title='bbox 897 2516 980 2581; x_wconf 89' lang='lat' dir='ltr'><strong>meis</strong></span> <span class='ocrx_word' id='word_1_152' title='bbox 989 2565 1000 2598; x_wconf 86' lang='lat'><strong><em>,</em></strong></span> <span class='ocrx_word' id='word_1_153' title='bbox 1017 2539 1120 2606; x_wconf 86' lang='lat' dir='ltr'><strong>quum</strong></span> <span class='ocrx_word' id='word_1_154' title='bbox 1137 2516 1172 2582; x_wconf 91' lang='lat' dir='ltr'><strong>in</strong></span> <span class='ocrx_word' id='word_1_155' title='bbox 1190 2509 1337 2584; x_wconf 81' lang='lat' dir='ltr'><strong>⁵caetera</strong></span> 
     </span>
     <span class='ocr_line' id='line_1_20' title="bbox 270 2628 1340 2723; baseline 0 -26"><span class='ocrx_word' id='word_1_156' title='bbox 270 2629 383 2697; x_wconf 90' lang='lat' dir='ltr'><strong>odium</strong></span> <span class='ocrx_word' id='word_1_157' title='bbox 400 2631 443 2696; x_wconf 87' lang='lat' dir='ltr'><strong>sit</strong></span> <span class='ocrx_word' id='word_1_158' title='bbox 453 2679 464 2714; x_wconf 91' lang='lat'><em>,</em></span> <span class='ocrx_word' id='word_1_159' title='bbox 479 2645 608 2697; x_wconf 85' lang='lat' dir='ltr'><strong>tantum</strong></span> <span class='ocrx_word' id='word_1_160' title='bbox 624 2631 658 2695; x_wconf 89' lang='lat' dir='ltr'><strong>in</strong></span> <span class='ocrx_word' id='word_1_161' title='bbox 676 2652 780 2695; x_wconf 78' lang='lat' dir='ltr'><strong>ineant</strong></span> <span class='ocrx_word' id='word_1_162' title='bbox 798 2644 908 2696; x_wconf 88' lang='lat' dir='ltr'><strong>uotam</strong></span> <span class='ocrx_word' id='word_1_163' title='bbox 927 2631 1098 2697; x_wconf 89' lang='lat' dir='ltr'><strong>convenit.</strong></span> <span class='ocrx_word' id='word_1_164' title='bbox 1117 2631 1148 2698; x_wconf 95' lang='grc' dir='ltr'><strong>Ο</strong></span> <span class='ocrx_word' id='word_1_165' title='bbox 1163 2628 1242 2696; x_wconf 80' lang='lat' dir='ltr'><strong>felix</strong></span> <span class='ocrx_word' id='word_1_166' title='bbox 1257 2655 1340 2723; x_wconf 85' lang='lat' dir='ltr'><strong>spe·</strong></span> 
     </span>
     <span class='ocr_line' id='line_1_21' title="bbox 270 2743 1338 2835; baseline 0.001 -23"><span class='ocrx_word' id='word_1_167' title='bbox 270 2747 456 2827; x_wconf 87' lang='lat' dir='ltr'><strong>otaculum,</strong></span> <span class='ocrx_word' id='word_1_168' title='bbox 470 2746 498 2812; x_wconf 90' lang='lat' dir='ltr'><strong>si</strong></span> <span class='ocrx_word' id='word_1_169' title='bbox 509 2769 568 2810; x_wconf 90' lang='lat' dir='ltr'><strong>vos</strong></span> <span class='ocrx_word' id='word_1_170' title='bbox 579 2747 614 2810; x_wconf 87' lang='lat' dir='ltr'><strong>in</strong></span> <span class='ocrx_word' id='word_1_171' title='bbox 630 2745 772 2835; x_wconf 74' lang='lat' dir='ltr'><strong>gratiam</strong></span> <span class='ocrx_word' id='word_1_172' title='bbox 783 2767 918 2835; x_wconf 90' lang='lat' dir='ltr'><strong>possum</strong></span> <span class='ocrx_word' id='word_1_173' title='bbox 934 2743 1111 2828; x_wconf 87' lang='lat' dir='ltr'><strong>reducere,</strong></span> <span class='ocrx_word' id='word_1_174' title='bbox 1126 2745 1243 2812; x_wconf 79' lang='lat' dir='ltr'><strong>faciam</strong></span> <span class='ocrx_word' id='word_1_175' title='bbox 1257 2746 1338 2827; x_wconf 86' lang='lat' dir='ltr'><strong>boc,</strong></span> 
     </span>
     <span class='ocr_line' id='line_1_22' title="bbox 271 2857 1338 2950; baseline 0.002 -26"><span class='ocrx_word' id='word_1_176' title='bbox 271 2860 362 2949; x_wconf 90' lang='lat' dir='ltr'><strong>quod</strong></span> <span class='ocrx_word' id='word_1_177' title='bbox 379 2859 492 2928; x_wconf 86' lang='lat' dir='ltr'><strong>vultus</strong></span> <span class='ocrx_word' id='word_1_178' title='bbox 509 2879 645 2948; x_wconf 89' lang='lat' dir='ltr'><strong>quoque</strong></span> <span class='ocrx_word' id='word_1_179' title='bbox 671 2859 774 2924; x_wconf 86' lang='lat' dir='ltr'><strong>vestri</strong></span> <span class='ocrx_word' id='word_1_180' title='bbox 799 2858 992 2925; x_wconf 84' lang='lat' dir='ltr'><strong>hortantur.</strong></span> <span class='ocrx_word' id='word_1_181' title='bbox 1013 2857 1172 2950; x_wconf 74' lang='lat' dir='ltr'><strong>surgite,</strong></span> <span class='ocrx_word' id='word_1_182' title='bbox 1195 2877 1338 2950; x_wconf 84' lang='lat' dir='ltr'><strong>patres,</strong></span> 
     </span>
    </p>
   </div>
   <div class='ocr_carea' id='block_1_2' title="bbox 268 3059 1344 4218">
    <p class='ocr_par' dir='ltr' id='par_1_3' title="bbox 268 3059 1343 3367">
     <span class='ocr_line' id='line_1_23' title="bbox 270 3059 1342 3128; baseline 0.001 -14"><span class='ocrx_word' id='word_1_183' title='bbox 270 3075 317 3116; x_wconf 71' lang='lat' dir='ltr'><strong>tur·</strong></span> <span class='ocrx_word' id='word_1_184' title='bbox 329 3075 353 3114; x_wconf 84' lang='lat' dir='ltr'><strong>et</strong></span> <span class='ocrx_word' id='word_1_185' title='bbox 366 3067 395 3116; x_wconf 79' lang='grc' dir='ltr'><strong>Α.</strong></span> <span class='ocrx_word' id='word_1_186' title='bbox 406 3062 504 3116; x_wconf 78' lang='lat' dir='ltr'><strong>Gellius</strong></span> <span class='ocrx_word' id='word_1_187' title='bbox 514 3062 532 3114; x_wconf 85' lang='lat' dir='ltr'><strong>l.</strong></span> <span class='ocrx_word' id='word_1_188' title='bbox 543 3063 595 3128; x_wconf 82' lang='lat' dir='ltr'><strong>lx,</strong></span> <span class='ocrx_word' id='word_1_189' title='bbox 608 3084 630 3114; x_wconf 85' lang='lat' dir='ltr'><strong>u.</strong></span> <span class='ocrx_word' id='word_1_190' title='bbox 643 3067 681 3115; x_wconf 80' lang='lat'><strong>15.</strong></span> <span class='ocrx_word' id='word_1_191' title='bbox 691 3059 780 3114; x_wconf 83' lang='lat' dir='ltr'><strong>Ornis·</strong></span> <span class='ocrx_word' id='word_1_192' title='bbox 862 3065 885 3127; x_wconf 76' lang='grc'><strong>4.</strong></span> <span class='ocrx_word' id='word_1_193' title='bbox 898 3061 1042 3116; x_wconf 79' lang='lat' dir='ltr'><strong>Proesenles</strong></span> <span class='ocrx_word' id='word_1_194' title='bbox 1054 3063 1180 3115; x_wconf 71' lang='lat' dir='ltr'><strong>habentus</strong></span> <span class='ocrx_word' id='word_1_195' title='bbox 1186 3065 1254 3116; x_wconf 74' lang='lat' dir='ltr'><strong>deos·</strong></span> <span class='ocrx_word' id='word_1_196' title='bbox 1262 3061 1342 3115; x_wconf 76' lang='lat' dir='ltr'><strong>Pra-</strong></span> 
     </span>
     <span class='ocr_line' id='line_1_24' title="bbox 270 3139 1341 3214; baseline 0 -22"><span class='ocrx_word' id='word_1_197' title='bbox 270 3161 392 3193; x_wconf 79' lang='lat' dir='ltr'><strong>samvsru</strong></span> <span class='ocrx_word' id='word_1_198' title='bbox 404 3139 468 3192; x_wconf 78' lang='lat' dir='ltr'><strong>heire</strong></span> <span class='ocrx_word' id='word_1_199' title='bbox 480 3160 567 3192; x_wconf 71' lang='lat' dir='ltr'><strong>viscum</strong></span> <span class='ocrx_word' id='word_1_200' title='bbox 580 3140 699 3211; x_wconf 78' lang='lat' dir='ltr'><strong>suspicor,</strong></span> <span class='ocrx_word' id='word_1_201' title='bbox 712 3140 779 3209; x_wconf 78' lang='lat' dir='ltr'><strong>quod</strong></span> <span class='ocrx_word' id='word_1_202' title='bbox 828 3151 935 3202; x_wconf 67' lang='lat' dir='ltr'><strong>scentes,</strong></span> <span class='ocrx_word' id='word_1_203' title='bbox 955 3139 1063 3194; x_wconf 83' lang='lat' dir='ltr'><strong>formula</strong></span> <span class='ocrx_word' id='word_1_204' title='bbox 1088 3140 1216 3214; x_wconf 78' lang='lat' dir='ltr'><strong>aptissima</strong></span> <span class='ocrx_word' id='word_1_205' title='bbox 1240 3141 1341 3211; x_wconf 73' lang='lat' dir='ltr'><strong>mugnis</strong></span> 
     </span>
     <span class='ocr_line' id='line_1_25' title="bbox 268 3215 1341 3290; baseline 0.002 -21"><span class='ocrx_word' id='word_1_206' title='bbox 268 3218 440 3290; x_wconf 77' lang='lat' dir='ltr'><strong>singularibus</strong></span> <span class='ocrx_word' id='word_1_207' title='bbox 454 3216 541 3270; x_wconf 84' lang='lat' dir='ltr'><strong>litteris</strong></span> <span class='ocrx_word' id='word_1_208' title='bbox 559 3218 586 3269; x_wconf 90' lang='lat' dir='ltr'><strong>C.</strong></span> <span class='ocrx_word' id='word_1_209' title='bbox 602 3217 639 3270; x_wconf 89' lang='lat' dir='ltr'><strong>D.</strong></span> <span class='ocrx_word' id='word_1_210' title='bbox 654 3231 780 3270; x_wconf 81' lang='lat' dir='ltr'><strong>notaretur</strong></span> <span class='ocrx_word' id='word_1_211' title='bbox 829 3216 948 3289; x_wconf 81' lang='lat' dir='ltr'><strong>exemplis</strong></span> <span class='ocrx_word' id='word_1_212' title='bbox 975 3218 1068 3271; x_wconf 78' lang='lat' dir='ltr'><strong>divine</strong></span> <span class='ocrx_word' id='word_1_213' title='bbox 1096 3215 1207 3290; x_wconf 76' lang='lat' dir='ltr'><strong>justitiae.</strong></span> <span class='ocrx_word' id='word_1_214' title='bbox 1229 3218 1341 3288; x_wconf 77' lang='lat' dir='ltr'><strong>Perinde</strong></span> 
     </span>
     <span class='ocr_line' id='line_1_26' title="bbox 270 3294 1343 3367; baseline 0.001 -20"><span class='ocrx_word' id='word_1_215' title='bbox 270 3314 316 3347; x_wconf 84' lang='lat' dir='ltr'><strong>nec</strong></span> <span class='ocrx_word' id='word_1_216' title='bbox 329 3294 518 3367; x_wconf 76' lang='lat' dir='ltr'><strong>intelligeretur.</strong></span> <span class='ocrx_word' id='word_1_217' title='bbox 530 3294 626 3348; x_wconf 69' lang='lat' dir='ltr'><strong>Seleu.</strong></span> <span class='ocrx_word' id='word_1_218' title='bbox 828 3309 869 3361; x_wconf 85' lang='lat' dir='ltr'><strong>ut,</strong></span> <span class='ocrx_word' id='word_1_219' title='bbox 884 3296 985 3366; x_wconf 81' lang='lat' dir='ltr'><strong>uliquet</strong></span> <span class='ocrx_word' id='word_1_220' title='bbox 997 3295 1070 3349; x_wconf 85' lang='lat' dir='ltr'><strong>nobis</strong></span> <span class='ocrx_word' id='word_1_221' title='bbox 1083 3297 1144 3348; x_wconf 84' lang='lat' dir='ltr'><strong>deos</strong></span> <span class='ocrx_word' id='word_1_222' title='bbox 1163 3313 1225 3347; x_wconf 83' lang='lat' dir='ltr'><strong>esee.</strong></span> <span class='ocrx_word' id='word_1_223' title='bbox 1236 3317 1249 3342; x_wconf 85' lang='lat'><strong>»</strong></span> <span class='ocrx_word' id='word_1_224' title='bbox 1267 3295 1343 3348; x_wconf 73' lang='lat' dir='ltr'><strong>Pm-</strong></span> 
     </span>
    </p>

    <p class='ocr_par' dir='ltr' id='par_1_4' title="bbox 271 3371 1343 3600">
     <span class='ocr_line' id='line_1_27' title="bbox 308 3371 1341 3442; baseline 0.003 -20"><span class='ocrx_word' id='word_1_225' title='bbox 308 3371 780 3442; x_wconf 62' lang='lat' dir='ltr'><strong>equomvelamanepater,ar&#39;ehot</strong></span> <span class='ocrx_word' id='word_1_226' title='bbox 828 3385 911 3428; x_wconf 74' lang='lat' dir='ltr'><strong>sentes</strong></span> <span class='ocrx_word' id='word_1_227' title='bbox 937 3373 1031 3439; x_wconf 82' lang='lat' dir='ltr'><strong>enim,</strong></span> <span class='ocrx_word' id='word_1_228' title='bbox 1060 3373 1103 3426; x_wconf 89' lang='lat' dir='ltr'><strong>ubi</strong></span> <span class='ocrx_word' id='word_1_229' title='bbox 1137 3373 1189 3424; x_wconf 85' lang='lat' dir='ltr'><strong>vim</strong></span> <span class='ocrx_word' id='word_1_230' title='bbox 1218 3391 1289 3424; x_wconf 80' lang='lat' dir='ltr'><strong>snam</strong></span> <span class='ocrx_word' id='word_1_231' title='bbox 1318 3387 1341 3425; x_wconf 85' lang='lat' dir='ltr'><strong>et</strong></span> 
     </span>
     <span class='ocr_line' id='line_1_28' title="bbox 271 3443 1343 3522; baseline 0.003 -24"><span class='ocrx_word' id='word_1_232' title='bbox 271 3449 335 3502; x_wconf 80' lang='lat' dir='ltr'><strong>Nota</strong></span> <span class='ocrx_word' id='word_1_233' title='bbox 343 3458 446 3516; x_wconf 80' lang='lat' dir='ltr'><strong>putrem</strong></span> <span class='ocrx_word' id='word_1_234' title='bbox 458 3469 546 3502; x_wconf 77' lang='lat' dir='ltr'><strong>vocare</strong></span> <span class='ocrx_word' id='word_1_235' title='bbox 555 3450 599 3520; x_wconf 64' lang='lat'><strong>¹1⁰5</strong></span> <span class='ocrx_word' id='word_1_236' title='bbox 609 3463 710 3522; x_wconf 78' lang='lat' dir='ltr'><strong>patruus</strong></span> <span class='ocrx_word' id='word_1_237' title='bbox 718 3461 780 3511; x_wconf 78' lang='lat' dir='ltr'><strong>erat,</strong></span> <span class='ocrx_word' id='word_1_238' title='bbox 830 3452 920 3522; x_wconf 72' lang='lat' dir='ltr'><strong>vigiles</strong></span> <span class='ocrx_word' id='word_1_239' title='bbox 933 3453 1019 3505; x_wconf 83' lang='lat' dir='ltr'><strong>oculos</strong></span> <span class='ocrx_word' id='word_1_240' title='bbox 1031 3449 1157 3504; x_wconf 80' lang='lat' dir='ltr'><strong>beneficio</strong></span> <span class='ocrx_word' id='word_1_241' title='bbox 1173 3443 1216 3502; x_wconf 79' lang='lat' dir='ltr'><strong>eut</strong></span> <span class='ocrx_word' id='word_1_242' title='bbox 1230 3449 1343 3505; x_wconf 74' lang='lat' dir='ltr'><strong>vindicte</strong></span> 
     </span>
     <span class='ocr_line' id='line_1_29' title="bbox 271 3527 1342 3600; baseline 0.001 -20"><span class='ocrx_word' id='word_1_243' title='bbox 271 3529 313 3580; x_wconf 74' lang='lat' dir='ltr'><strong>secl</strong></span> <span class='ocrx_word' id='word_1_244' title='bbox 327 3542 378 3581; x_wconf 83' lang='lat' dir='ltr'><strong>erat</strong></span> <span class='ocrx_word' id='word_1_245' title='bbox 390 3542 457 3600; x_wconf 83' lang='lat' dir='ltr'><strong>pater</strong></span> <span class='ocrx_word' id='word_1_246' title='bbox 470 3528 610 3600; x_wconf 85' lang='lat' dir='ltr'><strong>adoptivus.</strong></span> <span class='ocrx_word' id='word_1_247' title='bbox 620 3527 720 3580; x_wconf 82' lang='lat' dir='ltr'><strong>Schult.</strong></span> <span class='ocrx_word' id='word_1_248' title='bbox 831 3545 950 3585; x_wconf 83' lang='lat' dir='ltr'><strong>testantur</strong></span> <span class='ocrx_word' id='word_1_249' title='bbox 958 3551 993 3594; x_wconf 78' lang='lat' dir='ltr'><strong>ac</strong></span> <span class='ocrx_word' id='word_1_250' title='bbox 1005 3531 1276 3595; x_wconf 66' lang='lat' dir='ltr'><strong>manifestantibus,</strong></span> <span class='ocrx_word' id='word_1_251' title='bbox 1288 3531 1342 3583; x_wconf 84' lang='lat' dir='ltr'><strong>Eet</strong></span> 
     </span>
    </p>

    <p class='ocr_par' dir='ltr' id='par_1_5' title="bbox 272 3605 1344 3989">
     <span class='ocr_line' id='line_1_30' title="bbox 305 3605 1343 3680; baseline 0.005 -24"><span class='ocrx_word' id='word_1_252' title='bbox 305 3628 326 3656; x_wconf 77' lang='lat' dir='ltr'><strong>a.</strong></span> <span class='ocrx_word' id='word_1_253' title='bbox 339 3605 556 3659; x_wconf 76' lang='lat' dir='ltr'><strong>Blandiermetnm</strong></span> <span class='ocrx_word' id='word_1_254' title='bbox 567 3609 595 3658; x_wconf 82' lang='lat' dir='ltr'><strong>iu</strong></span> <span class='ocrx_word' id='word_1_255' title='bbox 609 3609 702 3674; x_wconf 80' lang='lat' dir='ltr'><strong>stipem</strong></span> <span class='ocrx_word' id='word_1_256' title='bbox 708 3609 781 3676; x_wconf 72' lang='grc' dir='ltr'><em>μενά.</em></span> <span class='ocrx_word' id='word_1_257' title='bbox 831 3610 857 3672; x_wconf 89' lang='lat' dir='ltr'><strong>l,</strong></span> <span class='ocrx_word' id='word_1_258' title='bbox 871 3611 901 3676; x_wconf 70' lang='lat'><strong>42</strong></span> <span class='ocrx_word' id='word_1_259' title='bbox 913 3611 1003 3661; x_wconf 75' lang='lat' dir='ltr'><strong>:eNec</strong></span> <span class='ocrx_word' id='word_1_260' title='bbox 1013 3623 1062 3660; x_wconf 71' lang='lat' dir='ltr'><strong>mm</strong></span> <span class='ocrx_word' id='word_1_261' title='bbox 1073 3619 1208 3680; x_wconf 73' lang='lat' dir='ltr'><strong>praesentes</strong></span> <span class='ocrx_word' id='word_1_262' title='bbox 1220 3607 1280 3659; x_wconf 76' lang='lat' dir='ltr'><strong>alibi</strong></span> <span class='ocrx_word' id='word_1_263' title='bbox 1294 3629 1343 3661; x_wconf 85' lang='lat' dir='ltr'><strong>co-</strong></span> 
     </span>
     <span class='ocr_line' id='line_1_31' title="bbox 273 3682 1341 3758; baseline 0.001 -25"><span class='ocrx_word' id='word_1_264' title='bbox 273 3683 345 3734; x_wconf 76' lang='lat' dir='ltr'><strong>Adeo</strong></span> <span class='ocrx_word' id='word_1_265' title='bbox 357 3682 469 3754; x_wconf 75' lang='lat' dir='ltr'><strong>elanguit</strong></span> <span class='ocrx_word' id='word_1_266' title='bbox 485 3685 559 3736; x_wconf 79' lang='lat' dir='ltr'><strong>lame.</strong></span> <span class='ocrx_word' id='word_1_267' title='bbox 572 3685 642 3736; x_wconf 78' lang='lat' dir='ltr'><strong>insta</strong></span> <span class='ocrx_word' id='word_1_268' title='bbox 655 3703 726 3734; x_wconf 75' lang='lat' dir='ltr'><strong>«non</strong></span> <span class='ocrx_word' id='word_1_269' title='bbox 739 3703 783 3734; x_wconf 75' lang='lat' dir='ltr'><strong>se·</strong></span> <span class='ocrx_word' id='word_1_270' title='bbox 831 3707 950 3758; x_wconf 75' lang='lat' dir='ltr'><strong>gnoscere</strong></span> <span class='ocrx_word' id='word_1_271' title='bbox 962 3687 1057 3740; x_wconf 68' lang='lat' dir='ltr'><strong>divos.»</strong></span> <span class='ocrx_word' id='word_1_272' title='bbox 1066 3685 1194 3750; x_wconf 70' lang='lat' dir='ltr'><strong>Horatius,</strong></span> <span class='ocrx_word' id='word_1_273' title='bbox 1205 3686 1261 3757; x_wconf 85' lang='lat' dir='ltr'><strong>Epl.</strong></span> <span class='ocrx_word' id='word_1_274' title='bbox 1271 3686 1307 3750; x_wconf 74' lang='lat' dir='ltr'><strong>ll,</strong></span> <span class='ocrx_word' id='word_1_275' title='bbox 1319 3706 1341 3751; x_wconf 82' lang='lat' dir='ltr'><strong>t,</strong></span> 
     </span>
     <span class='ocr_line' id='line_1_32' title="bbox 273 3759 1341 3835; baseline 0.001 -25"><span class='ocrx_word' id='word_1_276' title='bbox 273 3771 379 3825; x_wconf 76' lang='lat' dir='ltr'><strong>nectale,</strong></span> <span class='ocrx_word' id='word_1_277' title='bbox 389 3759 431 3810; x_wconf 83' lang='lat' dir='ltr'><strong>sed</strong></span> <span class='ocrx_word' id='word_1_278' title='bbox 445 3763 511 3812; x_wconf 75' lang='lat' dir='ltr'><strong>letne</strong></span> <span class='ocrx_word' id='word_1_279' title='bbox 522 3761 687 3814; x_wconf 79' lang='lat' dir='ltr'><strong>trementibus</strong></span> <span class='ocrx_word' id='word_1_280' title='bbox 701 3781 784 3812; x_wconf 83' lang='lat' dir='ltr'><strong>mem-</strong></span> <span class='ocrx_word' id='word_1_281' title='bbox 838 3764 899 3828; x_wconf 72' lang='lat'><strong>134:</strong></span> <span class='ocrx_word' id='word_1_282' title='bbox 913 3785 926 3809; x_wconf 71' lang='grc' dir='ltr'><strong>(ι</strong></span> <span class='ocrx_word' id='word_1_283' title='bbox 936 3775 960 3815; x_wconf 86' lang='lat' dir='ltr'><strong>et</strong></span> <span class='ocrx_word' id='word_1_284' title='bbox 971 3763 1102 3835; x_wconf 71' lang='lat' dir='ltr'><strong>praesentia</strong></span> <span class='ocrx_word' id='word_1_285' title='bbox 1113 3763 1221 3816; x_wconf 82' lang='lat' dir='ltr'><strong>numina</strong></span> <span class='ocrx_word' id='word_1_286' title='bbox 1233 3763 1316 3814; x_wconf 78' lang='lat' dir='ltr'><strong>sentit.</strong></span> <span class='ocrx_word' id='word_1_287' title='bbox 1328 3787 1341 3810; x_wconf 65' lang='grc' dir='ltr'><em>ν</em></span> 
     </span>
     <span class='ocr_line' id='line_1_33' title="bbox 272 3836 1344 3912; baseline 0.006 -24"><span class='ocrx_word' id='word_1_288' title='bbox 272 3836 333 3900; x_wconf 83' lang='lat' dir='ltr'><strong>bris,</strong></span> <span class='ocrx_word' id='word_1_289' title='bbox 344 3857 440 3889; x_wconf 79' lang='lat' dir='ltr'><strong>semesa</strong></span> <span class='ocrx_word' id='word_1_290' title='bbox 458 3850 482 3888; x_wconf 90' lang='lat' dir='ltr'><strong>et</strong></span> <span class='ocrx_word' id='word_1_291' title='bbox 497 3838 567 3888; x_wconf 85' lang='lat' dir='ltr'><strong>tenui</strong></span> <span class='ocrx_word' id='word_1_292' title='bbox 583 3850 657 3906; x_wconf 79' lang='lat' dir='ltr'><strong>atque</strong></span> <span class='ocrx_word' id='word_1_293' title='bbox 671 3837 730 3890; x_wconf 85' lang='lat' dir='ltr'><strong>elisa</strong></span> <span class='ocrx_word' id='word_1_294' title='bbox 744 3838 784 3908; x_wconf 80' lang='lat' dir='ltr'><strong>je·</strong></span> <span class='ocrx_word' id='word_1_295' title='bbox 833 3842 982 3894; x_wconf 77' lang='lat' dir='ltr'><strong>Petronius:</strong></span> <span class='ocrx_word' id='word_1_296' title='bbox 1004 3863 1018 3887; x_wconf 79' lang='lat' dir='ltr'><strong>e</strong></span> <span class='ocrx_word' id='word_1_297' title='bbox 1027 3840 1097 3912; x_wconf 81' lang='lat' dir='ltr'><strong>regin</strong></span> <span class='ocrx_word' id='word_1_298' title='bbox 1113 3853 1261 3893; x_wconf 80' lang='lat' dir='ltr'><strong>nostratem</strong></span> <span class='ocrx_word' id='word_1_299' title='bbox 1274 3859 1344 3912; x_wconf 84' lang='lat' dir='ltr'><strong>prte-</strong></span> 
     </span>
     <span class='ocr_line' id='line_1_34' title="bbox 273 3912 1344 3989; baseline 0.006 -25"><span class='ocrx_word' id='word_1_300' title='bbox 273 3914 344 3984; x_wconf 79' lang='lat' dir='ltr'><strong>junio</strong></span> <span class='ocrx_word' id='word_1_301' title='bbox 358 3934 436 3978; x_wconf 78' lang='lat' dir='ltr'><strong>voce,</strong></span> <span class='ocrx_word' id='word_1_302' title='bbox 451 3927 478 3966; x_wconf 88' lang='lat' dir='ltr'><strong>nt</strong></span> <span class='ocrx_word' id='word_1_303' title='bbox 492 3912 532 3966; x_wconf 83' lang='lat' dir='ltr'><strong>vix</strong></span> <span class='ocrx_word' id='word_1_304' title='bbox 546 3915 661 3968; x_wconf 80' lang='lat' dir='ltr'><strong>exaudiri</strong></span> <span class='ocrx_word' id='word_1_305' title='bbox 677 3927 783 3988; x_wconf 76' lang='lat' dir='ltr'><strong>posset.»</strong></span> <span class='ocrx_word' id='word_1_306' title='bbox 832 3917 944 3971; x_wconf 79' lang='lat' dir='ltr'><strong>sentibus</strong></span> <span class='ocrx_word' id='word_1_307' title='bbox 953 3917 1027 3989; x_wconf 74' lang='lat' dir='ltr'><strong>plena</strong></span> <span class='ocrx_word' id='word_1_308' title='bbox 1037 3931 1072 3970; x_wconf 83' lang='lat' dir='ltr'><strong>cet</strong></span> <span class='ocrx_word' id='word_1_309' title='bbox 1082 3917 1254 3970; x_wconf 78' lang='lat' dir='ltr'><strong>numinibus.»</strong></span> <span class='ocrx_word' id='word_1_310' title='bbox 1263 3916 1344 3970; x_wconf 74' lang='lat' dir='ltr'><strong>Gran.</strong></span> 
     </span>
    </p>

    <p class='ocr_par' dir='ltr' id='par_1_6' title="bbox 273 3991 1344 4218">
     <span class='ocr_line' id='line_1_35' title="bbox 306 3991 1343 4063; baseline 0.003 -21"><span class='ocrx_word' id='word_1_311' title='bbox 306 3991 329 4043; x_wconf 82' lang='grc'><strong>3.</strong></span> <span class='ocrx_word' id='word_1_312' title='bbox 341 3992 393 4044; x_wconf 84' lang='lat' dir='ltr'><strong>Nec</strong></span> <span class='ocrx_word' id='word_1_313' title='bbox 402 4011 432 4045; x_wconf 87' lang='lat' dir='ltr'><strong>eo</strong></span> <span class='ocrx_word' id='word_1_314' title='bbox 443 3992 555 4060; x_wconf 81' lang='lat' dir='ltr'><strong>quidem.</strong></span> <span class='ocrx_word' id='word_1_315' title='bbox 570 3994 623 4058; x_wconf 72' lang='lat' dir='ltr'><strong>An,</strong></span> <span class='ocrx_word' id='word_1_316' title='bbox 637 4013 704 4045; x_wconf 80' lang='lat' dir='ltr'><strong>«nec</strong></span> <span class='ocrx_word' id='word_1_317' title='bbox 715 4011 743 4044; x_wconf 80' lang='lat' dir='ltr'><strong>ex</strong></span> <span class='ocrx_word' id='word_1_318' title='bbox 754 4014 784 4046; x_wconf 86' lang='lat' dir='ltr'><strong>eo</strong></span> <span class='ocrx_word' id='word_1_319' title='bbox 813 4043 815 4050; x_wconf 83' lang='grc'><strong>,</strong></span> <span class='ocrx_word' id='word_1_320' title='bbox 867 3997 889 4046; x_wconf 86' lang='grc'><strong>5.</strong></span> <span class='ocrx_word' id='word_1_321' title='bbox 902 3994 938 4045; x_wconf 86' lang='lat' dir='ltr'><strong>In</strong></span> <span class='ocrx_word' id='word_1_322' title='bbox 946 4005 1038 4047; x_wconf 76' lang='lat' dir='ltr'><strong>curem</strong></span> <span class='ocrx_word' id='word_1_323' title='bbox 1048 3995 1148 4046; x_wconf 81' lang='lat' dir='ltr'><strong>odium.</strong></span> <span class='ocrx_word' id='word_1_324' title='bbox 1160 3993 1247 4062; x_wconf 86' lang='lat' dir='ltr'><strong>Quum</strong></span> <span class='ocrx_word' id='word_1_325' title='bbox 1261 4013 1343 4063; x_wconf 79' lang='lat' dir='ltr'><strong>quan·</strong></span> 
     </span>
     <span class='ocr_line' id='line_1_36' title="bbox 276 4067 1343 4142; baseline 0.007 -25"><span class='ocrx_word' id='word_1_326' title='bbox 276 4067 420 4133; x_wconf 71' lang='lat' dir='ltr'><strong>quidcmlu</strong></span> <span class='ocrx_word' id='word_1_327' title='bbox 439 4070 514 4120; x_wconf 74' lang='lat' dir='ltr'><strong>tratre</strong></span> <span class='ocrx_word' id='word_1_328' title='bbox 528 4069 621 4122; x_wconf 85' lang='lat' dir='ltr'><strong>scilieet</strong></span> <span class='ocrx_word' id='word_1_329' title='bbox 637 4080 692 4134; x_wconf 83' lang='lat' dir='ltr'><strong>luo,</strong></span> <span class='ocrx_word' id='word_1_330' title='bbox 705 4071 785 4142; x_wconf 84' lang='lat' dir='ltr'><strong>quite</strong></span> <span class='ocrx_word' id='word_1_331' title='bbox 834 4085 887 4123; x_wconf 84' lang='lat' dir='ltr'><strong>tum</strong></span> <span class='ocrx_word' id='word_1_332' title='bbox 906 4070 940 4122; x_wconf 78' lang='lat' dir='ltr'><strong>etl</strong></span> <span class='ocrx_word' id='word_1_333' title='bbox 961 4071 1058 4140; x_wconf 82' lang='lat' dir='ltr'><strong>reliqua</strong></span> <span class='ocrx_word' id='word_1_334' title='bbox 1069 4109 1078 4132; x_wconf 89' lang='lat'><em>,</em></span> <span class='ocrx_word' id='word_1_335' title='bbox 1100 4071 1246 4124; x_wconf 81' lang='lat' dir='ltr'><strong>dissentient</strong></span> <span class='ocrx_word' id='word_1_336' title='bbox 1265 4091 1343 4141; x_wconf 82' lang='lat' dir='ltr'><strong>quent</strong></span> 
     </span>
     <span class='ocr_line' id='line_1_37' title="bbox 273 4145 1344 4218; baseline 0.004 -20"><span class='ocrx_word' id='word_1_337' title='bbox 273 4145 342 4198; x_wconf 78' lang='lat' dir='ltr'><strong>alere</strong></span> <span class='ocrx_word' id='word_1_338' title='bbox 358 4160 473 4218; x_wconf 76' lang='lat' dir='ltr'><strong>egentem</strong></span> <span class='ocrx_word' id='word_1_339' title='bbox 485 4147 566 4201; x_wconf 89' lang='lat' dir='ltr'><strong>noluit</strong></span> <span class='ocrx_word' id='word_1_340' title='bbox 577 4147 676 4206; x_wconf 81' lang='lat' dir='ltr'><strong>Schult.</strong></span> <span class='ocrx_word' id='word_1_341' title='bbox 834 4149 948 4204; x_wconf 69' lang='lat' dir='ltr'><strong>inadme.</strong></span> <span class='ocrx_word' id='word_1_342' title='bbox 959 4149 1057 4203; x_wconf 84' lang='lat' dir='ltr'><strong>Odium</strong></span> <span class='ocrx_word' id='word_1_343' title='bbox 1070 4169 1126 4202; x_wconf 88' lang='lat' dir='ltr'><strong>cum</strong></span> <span class='ocrx_word' id='word_1_344' title='bbox 1137 4150 1286 4204; x_wconf 70' lang='lat' dir='ltr'><strong>animorum</strong></span> <span class='ocrx_word' id='word_1_345' title='bbox 1295 4150 1344 4204; x_wconf 84' lang='lat' dir='ltr'><strong>dit·</strong></span> 
     </span>
    </p>
   </div>
   <div class='ocr_carea' id='block_1_3' title="bbox 631 4271 645 4314">
    <p class='ocr_par' dir='ltr' id='par_1_7' title="bbox 631 4271 645 4314">
     <span class='ocr_line' id='line_1_38' title="bbox 631 4271 645 4314; baseline 0 0"><span class='ocrx_word' id='word_1_346' title='bbox 631 4271 645 4314; x_wconf 65' lang='grc' dir='ltr'>ἔ</span> 
     </span>
    </p>
   </div>
   <div class='ocr_carea' id='block_1_4' title="bbox 0 0 1439 4814">
    <p class='ocr_par' dir='ltr' id='par_1_8' title="bbox 0 0 1439 4814">
     <span class='ocr_line' id='line_1_39' title="bbox 0 0 1439 4814; baseline 0 0"><span class='ocrx_word' id='word_1_347' title='bbox 0 0 1439 4814; x_wconf 95' lang='lat' dir='ltr'><strong> </strong></span> 
     </span>
    </p>
   </div>
  </div>
 </body>
</html>
