2874 4796
299 410 365 500 496
619 411 666 479 Μ.
692 405 834 476 ANNAEI
858 403 1036 474 SENECAE

298 561 398 631 quam
415 553 528 606 tamen
539 535 610 606 haec
625 520 852 606 felicitas¹'illi
864 537 1033 630 persuasit
1045 536 1275 630 negligentia.
1290 542 1366 610 Uno

299 652 356 720 die
375 653 522 746 privatas
535 652 650 745 plures
666 649 821 742 agebat²‚
843 653 940 720 etita
959 666 997 720 ut
1014 651 1157 722 alteram
1169 667 1251 722 ante
1263 657 1366 724 meri-

298 769 389 840 diem
399 784 529 863 ageret,
545 769 684 839 alteram
696 785 772 861 post
785 765 963 836 meridiem
980 793 988 834 ι
1004 767 1175 862 publicam
1184 793 1270 838 vero
1279 795 1367 838 nun·

299 909 398 980 quam
408 885 553 979 amplius
564 907 664 976 quam
673 907 774 952 unam
790 906 858 952 uno
872 881 942 951 die.
955 885 1027 951 Nec
1039 898 1152 952 umen
1166 885 1251 969 scio,
1266 908 1366 978 quem

297 1028 392 1074 reum
411 1002 462 1070 illi
481 999 686 1084 defendere,
705 999 846 1083 nisiae,
865 1000 1061 1093 contigerit.
1079 998 1177 1070 Adeo
1192 1026 1366 1095 nunqnam

296 1121 399 1190 ullam
425 1121 599 1188 materiam
624 1117 786 1201 dicendi,
810 1117 878 1185 nisi
902 1116 1064 1210 periculis
1090 1118 1181 1204 suis,
1206 1115 1362 1188 habuit⁵.

296 1242 377 1310 Sine
394 1234 634 1307 commentario
647 1257 821 1328 nunquam
837 1233 920 1302 dixit
937 1259 945 1300 ε
961 1257 1026 1304 uec
1043 1233 1110 1302 hoc
1121 1237 1364 1306 commentario

296 1370 475 1426 contentus
492 1367 583 1433 erat,
604 1352 641 1418 in
657 1373 725 1443 quo
741 1349 842 1418 nudas
861 1372 915 1418 res
932 1341 1141 1442 ponuntur⁴.
1161 1353 1206 1419 Et
1225 1354 1365 1422 maxima

295 1489 393 1567 parte
404 1465 681 1564 perscribebatur
692 1467 793 1536 actio.
808 1465 872 1534 Illa
884 1488 1021 1558 quoque
1032 1489 1108 1558 quae
1121 1466 1210 1535 salse
1221 1466 1293 1535 dici
1306 1493 1365 1562 po-

296 1583 451 1670 terant⁵,
471 1585 738 1671 annotabantur3
760 1582 819 1651 sed
840 1605 944 1676 quum
964 1580 1152 1676 procedere
1167 1583 1281 1654 nollet
1303 1586 1363 1654 nisi

296 1710 498 1786 instructus,
518 1701 666 1770 libenter
678 1700 722 1768 ab
741 1700 972 1769 instrumentis
996 1699 1192 1768 recedebat.
1214 1703 1266 1768 Ea
1283 1717 1364 1772 tem-

295 1844 378 1916 pore
403 1834 538 1888 coactus
558 1817 692 1902 dicere,
717 1815 852 1884 infinito
873 1839 909 1886 aa
927 1815 1160 1885 antecedebat.
1182 1819 1365 1912 Nunquam

295 1963 364 2007 non
390 1935 507 2005 utilius
534 1949 607 2004 erat
634 1931 683 2002 illi
713 1931 925 2027 deprehendi
953 1959 1054 2026 quam
1074 1937 1263 2029 praeparari
1283 1935 1365 2005 :sed

295 2053 403 2147 magis
421 2051 517 2118 illum
533 2049 854 2144 suspiceres,quod
871 2047 1083 2143 diligentiam
1100 2074 1168 2118 non
1187 2051 1365 2146 relinque-

294 2171 373 2253 bat,
401 2193 505 2260 quum
528 2166 577 2236 illi
595 2182 662 2234 tam
677 2165 766 2233 bene
781 2168 953 2236 temeritas
968 2166 1117 2236 cederet.
1139 2168 1267 2238 Omnia
1282 2193 1364 2262 ergo

272 2285 465 2371 babebat,
489 2307 565 2378 quas
590 2281 685 2351 illum
710 2297 748 2350 ut
771 2283 859 2352 bene
882 2282 1104 2368 declamaret,
1126 2285 1361 2355 instruerent:

291 2403 444 2497 phrasim
457 2426 520 2472 nec
533 2400 726 2495 vulgarem,
742 2424 806 2469 nec
817 2399 1007 2486 sordidam,
1023 2401 1083 2470 sed
1094 2401 1213 2471 lectam
1231 2427 1365 2496 :genus

293 2513 431 2586 dicendi
456 2540 524 2584 non
548 2517 748 2599 remissurn,
774 2531 833 2584 aut.
854 2514 1072 2609 languidum,
1096 2514 1158 2585 sed
1179 2516 1306 2586 ardens
1329 2533 1365 2587 et

290 2685 357 2759 apud
381 2683 544 2746 Ciceronem,
565 2682 610 2735 lib.
627 2684 653 2735 ll
673 2682 704 2734 ad
724 2681 799 2736 Attio.
849 2695 934 2736 tamen
947 2685 978 2738 Ρ.
989 2684 1102 2738 Nonium
1114 2687 1279 2758 Asprenatem
1296 2687 1366 2742 cele·

185 2831 188 2836 ¹
290 2766 368 2840 Epist.
381 2765 491 2816 xur.'N.
504 2763 600 2815 Faber.
849 2761 920 2815 brenr
928 2773 1003 2832 atquc
1011 2775 1182 2826 oratorem,ct
1192 2785 1221 2818 ex
1230 2765 1366 2820 consulari

326 2864 347 2896 ι.
359 2844 399 2896 Id
410 2860 546 2910 menqncm
558 2851 644 2892 tamen
656 2840 800 2908 baecselici·
847 2839 962 2904 familia,
982 2837 1100 2896 veneficii
1121 2860 1192 2894 renrn
1211 2842 1287 2904 lecit,
1308 2863 1364 2914 qun

288 2919 391 2976 tas.Sic
402 2919 477 2972 etiam
486 2916 641 2969 membrana.
649 2917 702 2969 Sed
710 2915 797 2989 legen·
847 2915 966 2988 nunejus
981 2917 1065 2990 patina
1085 2916 1131 2972 130
1143 2917 1256 2972 murive
1271 2919 1365 2974 inter-

290 3001 351 3053 dum
365 3019 371 3050 r
385 3001 423 3052 Et
434 3013 567 3064 nunquam
581 3005 668 3046 tamen
677 2993 799 3064 lroecseli-
848 2994 942 3046 iissent.
948 2995 978 3046 ln
986 3015 1035 3066 qua
1049 2995 1187 3068 etiamejnc
1196 2997 1364 3052 assumtione

287 3083 353 3132 citas
384 3079 426 3129 illi
452 3076 584 3144 persuasit
605 3075 798 3141 negligentiam.
847 3073 902 3128 baec
915 3071 976 3126 mali
995 3073 1075 3127 animi
1095 3087 1120 3127 et
1135 3076 1212 3128 amari
1231 3079 1364 3132 sententia

287 3159 398 3211 Tantum
410 3153 478 3206 abest
488 3189 495 3216 ,
505 3162 533 3202 ut
543 3149 581 3203 illi
594 3149 653 3203 salia
664 3148 798 3222 negligen-
847 3164 949 3205 nontur
961 3169 968 3206 t
981 3174 994 3201 a
1004 3151 1050 3204 Dii
1067 3151 1145 3219 boui,
1162 3153 1237 3220 viro,
1260 3167 1287 3206 ct
1306 3175 1362 3226 qno

288 3233 423 3288 tiafuerit:
436 3247 581 3302 quanquam
592 3228 619 3282 in
632 3229 731 3282 anione
745 3227 796 3302 ipsa
846 3251 888 3286 me
900 3233 987 3285 vivere
1005 3233 1090 3305 juvet,
1108 3236 1270 3307 Asprenatem
1282 3253 1361 3288 renna

287 3313 311 3365 ci
330 3310 438 3384 plurima
457 3308 677 3372 subcamerentur,
698 3325 797 3378 semper
845 3308 955 3366 video.»
970 3309 1085 3374 Plinius,
1099 3309 1142 3363 lib.
1154 3311 1258 3372 XXXV,
1269 3331 1294 3364 c.
1312 3330 1359 3376 na,

285 3404 370 3443 umen
383 3385 498 3440 veniebat
509 3385 661 3453 meditatus,
673 3405 721 3438 nec
736 3384 796 3438 dili·
845 3401 870 3443 et
881 3388 1056 3457 Quintilianus
1070 3388 1115 3442 lib.
1126 3389 1163 3442 xl
1175 3427 1184 3455 ,
1196 3409 1218 3442 c.
1239 3407 1248 3440 ι
1260 3429 1268 3456 ,
1281 3391 1361 3444 rele-

286 3467 398 3542 gentiam
409 3463 573 3544 relinquebat.
584 3464 651 3518 Male
662 3465 739 3518 codex
749 3463 796 3518 Ju·
843 3479 912 3518 runt.
922 3468 957 3520 N.
967 3467 1067 3522 Faber.

286 3546 333 3600 reti
345 3546 472 3600 connectit
484 3545 551 3596 bunc
563 3543 716 3596 versiculum
736 3564 794 3598 cum
876 3547 901 3610 i.
911 3546 1129 3600 Commentariis...
1136 3549 1163 3600 in
1170 3567 1220 3616 quo
1228 3549 1359 3604 nudam

285 3622 409 3697 aequanti.
421 3621 575 3675 Gronovius.
841 3635 981 3690 ponuntur.
994 3622 1064 3678 llinc
1075 3638 1101 3678 ct
1111 3624 1140 3677 C.
1149 3625 1251 3690 Julius,
1267 3646 1358 3682 ται-ιιι

319 3724 342 3756 a.
352 3701 480 3755 Privatus
487 3703 578 3768 plures
586 3699 686 3770 agebat
696 3700 794 3754 Omnes
843 3721 856 3754 a
870 3721 895 3754 rc
907 3713 1031 3772 gestarum
1043 3701 1137 3774 capita,
1155 3707 1358 3758 summram

285 3795 380 3837 aeterna
390 3779 490 3834 codices
500 3777 609 3845 habent,
621 3798 672 3829 non
682 3777 792 3846 agebat,
843 3775 986 3849 appellavit,
994 3777 1026 3830 de
1035 3777 1222 3848 quibusCicero
1229 3777 1357 3835 iulis-uto.

284 3861 304 3914 si
317 3872 398 3922 reste,
411 3857 653 3930 intelligendum&
663 3876 721 3908 enm
731 3855 792 3928 plu-
842 3853 937 3908 Seleu.

284 3958 385 3992 resnou
397 3938 491 4008 epate,
503 3935 553 3988 niai
565 3937 628 3989 forte
640 3947 697 3986 aute
710 3934 792 3987 meri-
876 3935 900 3986 5.
913 3933 970 3988 Ilia
981 3953 1082 4006 qnoque
1090 3954 1150 4003 quoe
1160 3935 1231 3987 snite
1246 3935 1299 3986 dici
1305 3955 1357 4002 pn·

284 4018 352 4071 diem
365 4034 442 4069 unam
452 4051 460 4078 ,
471 4014 572 4067 alteram
590 4024 645 4085 post
661 4011 792 4066 meridiem
841 4021 939 4064 terant.
946 4012 1017 4066 lllale
1025 4012 1053 4064 in
1060 4011 1115 4064 aliis
1123 4011 1276 4066 editionibus
1277 4012 1356 4084 solra

286 4105 377 4166 ageret.
387 4095 424 4148 N.
434 4092 532 4145 Faber.
844 4089 944 4162 legitur,
952 4102 1069 4144 etcontra
1080 4103 1174 4144 veteres
1182 4089 1356 4161 libcnn.Qnia·

318 4171 343 4223 3.
351 4171 410 4223 Nisi
415 4172 537 4240 periculis
548 4175 613 4232 suri,
624 4169 725 4222 habirit.
737 4169 792 4240 lpse
842 4167 945 4220 titianus
967 4167 1035 4221 enirn
1051 4167 1135 4222 Cassio
1151 4165 1240 4222 tribuit
1260 4167 1355 4240 asperi-
