2874 4808
284 458 720 530 CONTROVERSIARUM
743 461 824 528 LIB.
851 464 892 530 V.
1060 465 1126 549 403

60 607 142 659 sunt.
163 593 256 660 Bene
277 615 352 660 oum
372 590 441 664 illis
459 589 549 680 ignis
569 553 817 683 egeraofsed
838 603 970 688 exstant
992 585 1124 674 libelli,

13 761 17 772 .
60 709 114 798 qui
126 731 200 776 sum
215 707 305 776 lame
320 707 395 801 ejus
409 709 587 800 pugnsnt²
606 704 781 798 multoque
797 705 1031 777 dissolutiores
1045 709 1129 802 ipsis

59 819 251 890 actionibus.
270 821 349 889 Illas
362 820 451 889 enim
469 843 573 912 quum
592 817 792 890 destitueret
805 846 906 909 cura,
923 822 1016 894 calor
1027 823 1127 918 adju-

60 935 150 1006 vabat
167 965 175 1006 ι
191 939 231 1006 1ιί
248 938 372 1007 caloris
387 937 500 1005 minus
513 935 643 1006 habeut
650 986 663 1022 ,
682 936 901 1034 negligentiae
913 964 982 1010 non
998 943 1123 1010 minus.

60 1054 303 1126 Declamantem
324 1054 517 1126 audivimus
537 1056 721 1124 novissime
741 1057 878 1147 quidem
898 1081 975 1128 cum
993 1061 1043 1128 M.
1059 1063 1128 1128 Le-

13 1155 14 1164 *
61 1165 215 1263 pido³ita,
232 1189 285 1256 ut,
306 1171 397 1265 quod
413 1170 653 1240 difficillimum
669 1185 754 1254 erat,
772 1173 837 1241 sibi
852 1173 1059 1268 displiceret.
1077 1177 1128 1246 De

60 1286 202 1357 labieno
217 1290 436 1381 interrogatis
449 1280 491 1356 ⁴?
510 1285 720 1357 Declamsrit
733 1311 802 1356 non
821 1289 959 1381 quidem
979 1291 1126 1385 populo,
1239 1327 1241 1331 v

61 1401 114 1470 sed
128 1407 281 1500 egregie.
303 1408 380 1474 Non
402 1399 601 1475 admittebat
622 1403 788 1507 populum
807 1432 815 1472 :
833 1421 867 1472 et
885 1407 965 1498 quia
979 1406 1129 1476 nondum

61 1513 125 1586 baso
146 1519 357 1590 consuetudo
377 1537 450 1589 emt
469 1517 629 1600 inducta,
659 1533 693 1586 et
716 1521 796 1611 quia
816 1519 955 1614 putabat
973 1536 1072 1616 turpe
1087 1548 1128 1592 ao

63 1631 179 1706 irivolae
197 1637 408 1730 jactationis.
428 1634 616 1721 Affectabnt
637 1637 741 1716 immo
764 1639 956 1705 censorium
978 1641 1133 1732 superci-

64 1749 153 1836 lium,
170 1777 276 1845 quum
293 1752 382 1822 alius
394 1753 508 1834 animo
533 1766 633 1828 esset.
661 1752 807 1845 Magnus
831 1767 959 1839 orator,
985 1755 1044 1846 qui
1067 1779 1130 1848 per

62 1863 155 1933 mults
172 1866 418 1962 impedimenta
436 1867 625 1950 eluctatus,
651 1865 696 1934 ad
721 1867 841 1936 famam
870 1869 1002 1962 ingenii
1017 1871 1129 1940 conli-

64 1981 200 2051 tentibus
218 1986 331 2078 magis
344 1969 542 2052 homiuibus
559 2000 785 2076 pervenerat,
804 2009 906 2077 quam
920 1984 1127 2056 volentibus.

64 2096 187 2169 Samma
203 2115 339 2194 egestas
357 2115 447 2184 erat,
469 2122 598 2167 summa
622 2100 775 2183 infamia,
795 2125 962 2170 summurn
977 2093 1126 2172 ⁵odium.

65 2215 176 2310 lingna
188 2233 304 2286 sutem
319 2214 421 2284 debet
438 2237 512 2283 esse
525 2214 737 2306 eloquentia,
756 2239 832 2309 quaa
846 2216 964 2284 invitis
977 2216 1127 2310 placeat,

96 2427 115 2463 r.
125 2410 265 2466 Beretum
276 2414 329 2466 illis
343 2414 411 2480 ignis
421 2410 567 2480 efferatio-
617 2427 675 2463 nera
689 2409 720 2463 de
732 2411 782 2464 vitri
796 2411 860 2465 etde
873 2413 987 2466 moribus
1001 2411 1131 2477 bominis,

66 2500 120 2556 gunt
135 2486 177 2542 elii
198 2509 261 2544 crsm
282 2487 348 2553 ttto'‚·
364 2489 431 2559 qnod
452 2489 566 2562 preelero.
617 2507 669 2539 non
688 2488 747 2540 ideo
765 2488 846 2560 magis
868 2489 985 2543 luserunt
998 2490 1054 2564 ejus
1069 2491 1131 2544 libri

67 2563 150 2621 Sensus
161 2581 214 2622 est:
231 2566 307 2621 Felix
324 2581 391 2630 eret,
412 2565 479 2636 qnod
498 2585 566 2618 eom·
616 2584 691 2634 quarn
718 2564 878 2620 Sallustiani.
901 2567 1016 2638 Utroque
1046 2581 1130 2622 antem

67 2641 134 2699 bostra
141 2646 209 2700 illins
219 2657 294 2700 erant
301 2645 437 2700 orationes.
444 2646 512 2697 Nam
520 2644 567 2696 iste
616 2643 772 2696 modorecte
784 2644 887 2708 dieitur,
896 2665 1018 2714 pugnare
1026 2647 1130 2702 libellos

68 2719 123 2793 ignis
131 2763 138 2790 ,
147 2739 173 2780 ut
183 2728 220 2780 its
230 2726 332 2785 dicam,
345 2723 506 2776 consuluerat
517 2722 567 2776 exi·
613 2721 759 2791 cumsumo
771 2722 818 2776 *tsi
829 2735 857 2774 nt
870 2722 919 2776 vita
936 2723 1069 2797 probrosi,
1083 2727 1128 2796 qni

67 2800 190 2857 stimationi
207 2799 307 2858 Scauri.
321 2804 359 2854 lte
375 2799 480 2871 quidem
499 2801 567 2873 joca·
615 2800 662 2874 ipsi
673 2800 738 2854 bene
751 2813 877 2855 moretum
891 2816 916 2856 et
927 2802 1031 2876 plenum
1048 2805 1130 2859 officii

67 2891 100 2932 tus
115 2881 141 2936 in
156 2883 267 2957 Sporum
283 2901 408 2953 puerum,
426 2899 501 2951 quem
519 2898 565 2952 pro
584 2903 586 2912 ι
615 2881 767 2950 psalernum
777 2880 800 2932 si
812 2881 913 2934 utboni
925 2884 1050 2948 oratoris,
1063 2884 1107 2956 qui
1119 2923 1128 2948 ,

67 2977 133 3015 usare
143 2975 273 3036 acceperat
292 2963 342 3014 sibi
364 2963 450 3014 Nero:
467 2979 480 3005 α
494 2957 565 3011 Bene
614 2957 685 3026 quod
705 2957 799 3011 Fabius
810 2957 846 3012 ait
859 2959 891 3012 de
907 2959 1004 3034 seriptis
1015 2962 1128 3016 Horten·

68 3038 105 3112 agi
114 3043 218 3112 potuisse
232 3061 292 3096 curn
303 3041 377 3094 rebus
389 3039 525 3100 humenis,
543 3038 565 3089 ai
614 3037 655 3098 sii,
663 3036 830 3106 intrnlamsrn
840 3038 893 3110 eius
901 3039 1065 3114 sanqglorle·
1072 3062 1126 3096 nnn

67 3113 184 3174 Domitius
196 3134 269 3192 pater
279 3119 356 3174 telem
367 3117 495 3172 habuisset
503 3136 566 3170 nro·
614 3117 778 3187 respondent.
792 3117 825 3170 Et
843 3116 891 3170 hoe
908 3119 1030 3190 posterius
1050 3119 1127 3173 melo.
1165 3158 1167 3164 .

68 3208 141 3244 'tm-¹·
154 3197 262 3251 Sueton-
275 3199 337 3251 Ner·
349 3217 370 3249 e.
383 3197 421 3248 et.
434 3195 532 3249 Salluis.
618 3191 772 3247 Gronovius.

98 3293 119 3326 n.
134 3273 188 3345 Qui
201 3295 263 3329 rum
269 3275 355 3346 samo
369 3281 424 3338 esus
439 3281 566 3342 pugnant.
648 3269 672 3321 3.
683 3271 832 3326 Novissime
841 3274 948 3342 quidem
956 3293 1016 3328 cnm
1026 3267 1126 3328 Mle·
1228 3281 1231 3288 '

67 3348 159 3423 legunt
175 3352 237 3418 elii,
258 3356 359 3421 ingessu
377 3349 461 3416 mele,
483 3348 567 3419 inquit
613 3349 685 3416 pido.
699 3350 724 3401 ls
736 3361 772 3401 est
782 3350 886 3402 lortsue
898 3369 974 3421 quern
987 3368 1062 3421 supra
1079 3351 1130 3404 Ne·

68 3425 204 3485 Gronovius
215 3449 223 3486 ι
234 3429 365 3503 quomodo
386 3429 455 3481 enim
479 3427 567 3498 lugent
616 3427 685 3480 runis
698 3441 875 3500 preceptorem
888 3427 959 3482 dixit.
971 3430 1007 3484 N.
1019 3421 1117 3486 Faber.

68 3505 158 3565 libelli?
166 3511 223 3582 quis
233 3521 326 3564 stratos
339 3529 381 3562 eos
393 3519 416 3560 et
425 3505 567 3561 sordidatos
649 3507 672 3572 4.
681 3505 726 3558 De
735 3505 853 3559 Labieno
860 3501 1044 3578 interrogetis?
1051 3509 1128 3561 Hunc

15 3609 21 3618 ·
68 3587 138 3644 lesit?
158 3591 261 3662 Arripit
281 3591 372 3654 Faber,
396 3589 466 3661 qnod
484 3607 529 3642 nos
544 3587 581 3639 ei¹
616 3603 668 3640 esse
689 3584 836 3640 historicum
861 3585 935 3644 illum
960 3600 1077 3660 sppsret,
1098 3589 1129 3641 de

13 3715 14 3720 ,
68 3670 115 3721 not
138 3671 244 3739 damus,
272 3673 368 3724 Scauro
391 3669 484 3723 lentem
514 3687 568 3719 non
616 3685 668 3736 quo
689 3664 826 3718 Suetonius
839 3665 866 3718 in
880 3664 1061 3738 Caligulsesp.
1077 3665 1128 3718 15:

69 3743 135 3800 fuisse
155 3749 217 3804 boni
238 3747 364 3812 oratoris3
386 3747 458 3818 qnod
480 3759 567 3800 ronna
618 3768 632 3794 ιι
646 3745 700 3798 Τὶίί
719 3745 842 3810 Labieni,
863 3744 957 3808 Cordi,
983 3743 1130 3807 Cremutii,

69 3826 163 3893 annis,
182 3847 240 3900 quse
251 3839 443 3903 praecesserunt,
456 3826 567 3878 Seneese.
618 3821 699 3876 Cassii
710 3823 799 3876 Severi
811 3822 901 3895 scripte
917 3821 1133 3879 Senstuseonsul·

70 3899 162 3961 Tuitus
178 3909 206 3960 in
219 3908 291 3962 tertio
304 3903 444 3959 Annalium
458 3925 472 3950 ιι
482 3915 568 3956 areto-
617 3901 650 3954 tis
664 3901 772 3963 abolita,
787 3896 881 3972 requiri
894 3911 919 3954 et
935 3920 987 3954 asse
1000 3900 1028 3952 in
1047 3899 1132 3950 mani·

70 3999 122 4035 rom
132 4004 159 4037 ea
171 3997 243 4040 etate
251 3985 408 4038 uberrimum
417 4004 431 4031 ιι
442 3993 516 4037 voest
527 3999 534 4033 ι
545 3991 570 4034 et
617 3981 665 4035 bus
688 3979 844 4052 lectitarique
865 3977 978 4052 permisit
998 3995 1005 4029 ι
1025 3976 1130 4047 qnando

71 4057 95 4109 in
116 4075 180 4116 serto
197 4084 218 4122 ιι
236 4064 366 4136 insignem
388 4061 521 4114 nobilitate
546 4069 571 4112 et
618 4056 1132 4133 maximesuainteresset,utlaetaquae-

71 4137 164 4204 orandis
178 4131 570 4214 saussimitaprobrosumuSi
620 4157 670 4209 qne
683 4134 791 4210 posteris
804 4135 961 4188 tendentum»
974 4131 1072 4187 Sclrott.
1133 4135 1136 4143 '

72 4225 148 4269 entem
161 4219 326 4294 per'jobrnm
338 4215 459 4290 intelligit
474 4209 572 4290 opinio·
654 4217 677 4269 5.
699 4214 811 4268 Smnmo
836 4212 967 4282 usumin,
997 4229 1132 4264 summum
