2874 4808
256 417 693 488 CONTROVERSIARUM
715 421 797 486 LIB.
823 421 889 503 tv,
918 424 971 488 28.
1086 425 1152 494 383

69 547 196 615 affectu
213 547 319 628 latus,
342 547 473 616 lecerit.
491 549 563 614 Hoc
574 545 649 614 loco
663 550 838 630 tractavit,
856 573 957 641 quant
974 551 1152 644 indignum

72 677 160 729 easet
175 661 333 729 damnari
348 661 444 728 illum
457 660 501 728 ab
514 659 617 729 hoc¹.
846 743 851 754 .

120 779 236 843 huno
253 772 338 843 duae
354 775 489 844 ultimae
512 776 714 867 questionae
737 774 839 844 aliter
861 778 994 869 poenit,
1018 795 1053 848 et
1077 781 1155 873 plus

74 895 275 986 complexus
298 908 361 960 eat.
388 893 497 960 Etiam
522 893 552 959 si
577 893 646 959 vim
671 891 751 961 lecit
775 919 783 958 :
804 917 847 960 an
867 908 979 962 tamen
999 893 1154 964 damnari

70 1033 142 1076 non
156 1010 283 1101 possit,
302 1010 330 1076 ai
346 1007 436 1077 bono
449 1009 562 1078 animo
576 1007 694 1076 lecerit
705 1013 737 1094 ²3
753 1010 800 1076 ait
813 1011 918 1095 enim,
936 1027 971 1078 et
985 1009 1028 1078 de
1038 1013 1153 1082 animo

72 1125 148 1191 lieri
163 1125 432 1192 controversiam
450 1147 535 1208 avo,
551 1141 585 1191 et
599 1123 717 1193 dicere
731 1142 861 1218 patrem
880 1152 888 1192 ι
905 1129 981 1194 Νοιι
993 1146 1032 1196 ut
1045 1153 1154 1224 nepo-

72 1255 141 1310 tem
154 1256 328 1326 servaret,
345 1240 446 1320 lecit,
463 1240 523 1308 sed
536 1256 575 1308 ut
586 1242 766 1335 infamaret
779 1266 918 1310 uxorem
931 1267 1039 1312 meam
1051 1295 1062 1328 ,
1077 1261 1154 1314 tan-

72 1382 176 1450 quam
189 1359 390 1440 veneficam,
406 1383 460 1426 me
474 1374 634 1451 tanquam
645 1357 806 1428 veneficae
816 1361 1079 1452 emancipatum,
1095 1367 1152 1432 cui

72 1472 162 1542 male
177 1473 283 1539 liberi
298 1474 350 1540 aui
365 1474 666 1541 committerentur.

120 1590 289 1659 COLOR.
304 1588 424 1657 Colore
436 1612 519 1682 ergo
530 1588 596 1657 hoc
608 1593 720 1658 Lurco
730 1589 850 1658 eodem
863 1614 943 1658 uana
952 1607 1003 1658 est
1015 1589 1079 1684 pro
1090 1617 1153 1685 pa-

72 1723 140 1790 tre,
155 1721 194 1772 ut
204 1704 347 1787 diceret,
364 1729 407 1773 ne
422 1707 498 1773 viva
511 1706 648 1798 quidem
661 1729 765 1774 uxore
774 1706 864 1775 bene
874 1707 1024 1775 sibicum
1034 1729 1152 1774 socero

71 1823 296 1892 convenisse:
310 1839 441 1890 mortua
458 1846 539 1890 vero
556 1824 724 1916 professas
743 1824 938 1892 inimicitias
958 1823 1053 1892 illum
1076 1847 1155 1916 gee-

71 1941 158 2008 siaae
174 1962 311 2024 oecum3
333 1938 516 2030 languente
534 1962 616 2008 vero
640 1963 767 2031 puero,
791 1937 886 2006 illum
905 1940 1055 2017 venisse.
1073 1962 1152 2006 cum

72 2056 244 2140 convicio,
257 2078 334 2122 cnm
343 2055 584 2123 vociferatione
592 2055 739 2139 nefaria,
757 2072 792 2122 et
804 2053 973 2123 dicentem
989 2057 1151 2148 etauspi·

73 2187 207 2239 ssntem
229 2168 400 2262 quidquid
417 2167 542 2238 accidit
558 2199 565 2238 :
582 2187 739 2240 auctores
754 2170 883 2239 habere
896 2173 1021 2240 amicos
1038 2195 1091 2256 se,
1108 2196 1152 2242 ne

72 2288 270 2358 admitteret
291 2289 481 2368 hominem,
499 2312 568 2356 non
583 2288 628 2356 ud
648 2290 801 2357 officium
815 2306 999 2383 nepotum,
1018 2289 1078 2358 aed
1094 2292 1154 2358 in-

72 2405 201 2474 vidiam
229 2419 272 2472 et
293 2403 530 2471 contumelium
559 2408 677 2497 generi
702 2421 736 2472 et
759 2407 954 2473 venientem
971 2456 980 2489 ,
1014 2409 1075 2498 qui
1107 2407 1155 2475 ad

72 2545 172 2591 sonos
196 2536 338 2614 nepotes
362 2544 537 2616 nunquam
556 2521 715 2613 dignatos
735 2536 822 2588 earet
842 2520 1006 2588 accedere
1021 2548 1028 2600 ;
1042 2521 1152 2590 medi·

71 2661 131 2706 coe
143 2661 229 2705 vero
241 2637 385 2705 suasisse
396 2659 440 2706 ne
453 2633 622 2723 veniretl,
638 2663 682 2705 ne
698 2661 842 2731 puerum
856 2636 1099 2717 confunderet,
1116 2653 1153 2705 et
1239 2679 1243 2686 -
1263 2669 1265 2674 ·

74 2754 236 2848 impleret
249 2751 511 2845 suspicionibus.

122 2874 260 2942 Suoms
282 2873 427 2939 Pournn
447 2870 541 2938 color
563 2872 648 2955 luit,
666 2891 705 2939 ut
721 2873 859 2940 Latroni
875 2870 1073 2954 videbatur,
1091 2872 1152 2970 qui

73 2989 315 3058 controversia
338 3005 569 3081 repugnaret3
596 2988 684 3056 dixit
708 2991 799 3057 enim
824 2987 957 3058 venisse
983 3010 1081 3054 avum
1108 2985 1153 3053 ad

73 3105 285 3175 imbecillum
310 3130 481 3198 puerum,
514 3105 559 3173 ad
584 3131 691 3200 aegroa
725 3131 795 3188 non
821 3130 956 3199 semper
981 3106 1153 3198 proximos

71 3220 208 3289 admitti
225 3247 233 3286 :
250 3221 368 3312 utique
393 3219 437 3286 ad
464 3244 520 3288 eoo
532 3223 620 3313 ,·qui
648 3222 800 3312 graviter
812 3236 998 3313 aegrotant,
1017 3243 1105 3314 saepe
1118 3237 1152 3286 et

73 3353 206 3428 patrem
229 3359 299 3402 non
321 3335 516 3403 admissum.
541 3337 597 3404 Sic
614 3361 677 3404 avo
692 3359 829 3427 quoque
843 3335 1079 3428 intempestive
1092 3357 1153 3401 ve·
1222 3335 1225 3344 '

72 3505 231 3560 vindicando
243 3504 369 3557 sustulisse
378 3505 492 3569 videtur,
505 3515 530 3556 et
538 3515 590 3555 ter·
639 3503 829 3574 onimosecerr't.
843 3504 953 3556 Videtur
968 3503 1087 3558 excidisse
1098 3517 1154 3578 post

75 3584 138 3637 tium
148 3584 210 3638 velit
219 3585 306 3637 eadem
315 3583 463 3636 adventoris
471 3583 590 3656 recipere.
639 3581 693 3635 lutee
701 3584 759 3634 :Ao
766 3582 832 3633 bono
838 3583 1028 3652 animosrcere't.
1037 3583 1073 3634 its
1082 3583 1152 3634 enim

76 3663 236 3716 Gronovius.
639 3658 732 3732 passim
744 3657 860 3711 dividunt
871 3680 878 3722 ς
892 3671 917 3711 et
929 3659 990 3711 duas
1000 3660 1152 3730 questiones

111 3761 132 3795 ι.
144 3743 286 3795 Domnors'
298 3744 375 3795 illum
383 3741 418 3792 ab
426 3739 479 3792 loc.
489 3737 592 3790 Malunt
639 3738 751 3811 posuisse
763 3737 891 3791 distinctus
903 3740 1038 3791 Latronem
1048 3739 1100 3811 ipse
1112 3739 1153 3791 di-

76 3820 149 3874 multi
165 3819 199 3871 ob
207 3820 260 3870 lroc.
272 3819 369 3890 Nempe
382 3815 590 3888 indignissimum
641 3835 696 3870 cere
706 3815 806 3868 videtur
816 3817 922 3869 Seneca.
933 3815 977 3869 Sic
989 3816 1090 3888 egregie
1099 3815 1151 3884 jaro

77 3911 128 3951 erat
150 3898 268 3951 damnari
289 3895 321 3949 oh
342 3895 392 3948 hoc
408 3913 499 3961 avum,
523 3894 593 3964 quod
643 3893 702 3946 dein
728 3895 863 3948 conveniet
881 3913 887 3946 ι
907 3894 977 3946 «uir
1004 3893 1096 3955 enirn,
1128 3905 1153 3946 et

75 3978 169 4030 allecto
181 3977 294 4038 ablutus,
314 3973 434 4046 rapuisset
453 3984 591 4046 nepotem,
641 3973 673 4026 dc
689 3972 776 4025 animo
788 3971 844 4025 fieri
858 3969 1055 4024 controversiam
1068 3988 1124 4022 aro.
1135 3989 1150 4015 ιι

77 4065 104 4104 ιιι
113 4063 231 4105 servaret.
243 4051 483 4122 Sedulo-Supra,
496 4069 541 4122 pro
552 4053 593 4102 lu·
638 4053 740 4106 Schult.

79 4141 130 4198 tos,
141 4131 231 4202 legunt
242 4132 285 4184 elii
297 4131 412 4185 oblatus.
675 4133 698 4183 3.
710 4131 828 4184 Meditor
837 4149 896 4182 uero
905 4131 1038 4192 transisse,
1055 4145 1087 4180 ns
1101 4143 1152 4180 ve-

111 4229 136 4263 s·
156 4210 294 4262 Dommrs'
309 4229 360 4263 non
374 4213 468 4277 possit,
486 4213 512 4262 si
526 4210 592 4262 bono
641 4212 714 4263 niret.
728 4207 864 4260 suaserunt
878 4205 978 4258 illihoc
992 4223 1096 4271 socero,
1109 4221 1154 4276 per
1208 4213 1210 4218 ’
