2876 4804
150 363 213 430 oe
235 360 362 430 auor.
389 363 447 430 ur
470 363 668 432 urunt.
695 321 905 436 annone.
1007 367 1047 438 3ι

8 481 198 588 ¹l'lrrllianuru
206 502 227 566 ¹,
235 483 617 566 PliniquCensorInum
626 485 649 568 ³,
658 489 925 576 geographosque
936 502 960 570 4,
968 490 1054 554 inter

8 589 204 680 prodigiosos
231 591 298 656 illos
325 591 486 680 longaevos
512 591 652 680 reperias
669 615 678 657 z
698 615 736 656 ac
768 615 812 658 ne
848 595 935 685 apud
973 596 1051 660 Tre-

8 697 132 760 hdlium
144 695 273 786 quidem
283 696 465 761 Pollionem
480 699 503 778 ⁵,
516 698 573 785 qui
585 713 618 760 et
630 697 767 787 Moysen
781 699 814 762 in
827 699 976 790 longaevis
994 725 1052 767 nu·

8 820 110 892 nnat.
129 803 255 868 Deinde
273 821 307 869 ut
325 802 523 869 inofficiosus
547 827 622 870 eum
647 805 769 872 Plinius
787 806 872 872 inter
884 808 1052 899 ¹longaevos

18 912 161 999 preterire
185 912 329 993 minime,
350 910 402 974 vel
421 912 580 978 ¹memoria
601 911 681 994 labi,
703 913 825 1001 potuit,
845 915 900 1002 qui
926 917 1053 1004 oequulis

17 1016 86 1080 illitu
102 1018 179 1082 t'uit:
192 1040 291 1105 quum
309 1033 341 1083 et
361 1016 436 1082 alibi
454 1017 488 1082 in
504 1039 541 1082 re
561 1019 691 1083 minima
714 1016 867 1084 Senec'crm
890 1023 1051 1090 nominet:

18 1125 158 1212 precipue
169 1147 247 1188 vero
264 1125 346 1189 libro
357 1124 457 1205 XIII,
471 1147 539 1214 cap.
561 1129 598 1206 4,
610 1127 786 1215 princepem
798 1129 984 1193 eruditionis
997 1153 1052 1218 ap·

18 1229 134 1314 pelhus,
147 1253 251 1318 esque
258 1231 418 1320 potentia,
428 1253 499 1319 quae
506 1247 673 1320 postremo
683 1233 780 1296 nimia
788 1234 866 1316 fuit,
877 1257 1053 1324 rerumque

18 1334 140 1400 isonium
165 1335 391 1401 adrniratorem
408 1336 505 1401 fuisse
533 1352 637 1427 negat.
658 1337 819 1403 Memorat
842 1355 874 1403 et
889 1339 973 1404 libro
990 1341 1053 1405 VII
1145 1425 1148 1432 Ι

17 1439 45 1504 h
60 1440 238 1508 Fullonium
259 1443 487 1524 Saturninum,
505 1458 595 1508 aetate
610 1446 811 1532 proximum,
831 1447 887 1533 qui
904 1448 1053 1512 omnibus

19 1569 85 1633 quos
95 1548 126 1612 in
140 1549 261 1615 Senatu
271 1551 461 1614 sententiam
473 1565 640 1638 rogaverat
645 1547 670 1631 ⁶,
676 1566 836 1638 superstes
847 1551 917 1616 fuit.
929 1552 1052 1616 Verum

19 1654 179 1737 mero,
195 1673 232 1720 ut
250 1679 388 1745 corpore
398 1659 465 1743 jam
483 1655 560 1720 inde
573 1657 615 1721 ab
630 1656 768 1720 heroicis
780 1657 839 1722 illis
854 1657 1054 1749 temporibus

8 1757 44 1822 in
59 1757 118 1825 dics
135 1763 235 1852 magis
255 1763 419 1852 magisque
439 1761 624 1826 decrescere
645 1779 836 1851 coeperunt,
857 1765 900 1830 sie
925 1781 956 1829 ct
983 1767 1054 1830 vitae

19 1868 195 1934 urendum
206 1869 300 1932 citius
309 1869 403 1933 solito
413 1869 607 1956 interrumpi
617 1889 653 1932 re
668 1868 734 1956 ipsa
747 1870 948 1958 experimur,
961 1869 1055 1936 adeo·

20 1990 73 2056 que
88 1973 272 2039 imbecillam
295 1990 393 2062 atque
413 1975 470 2038 aevi
487 1974 592 2038 brevis
612 1995 679 2038 csse
699 1989 846 2038 naturam
862 1976 1053 2058 humanam,

20 2093 49 2140 ut
67 2101 147 2144 rarus
169 2080 347 2146 admodum
369 2083 423 2161 sit,
446 2081 502 2169 qui
525 2079 564 2144 ad
582 2081 813 2169 octogesimum
836 2104 939 2169 usque
958 2083 1055 2146 {etatis

21 2205 120 2252 unum
135 2189 233 2252 vitam
248 2186 447 2276 produxerit
463 2187 501 2249 In
518 2186 644 2273 reliquo
659 2185 825 2273 deinceps,
846 2202 882 2250 ut
897 2188 1055 2276 propheta

20 2295 106 2381 regius
119 2295 161 2359 uit
171 2303 196 2373 ⁷,
210 2294 263 2357 vel
278 2295 313 2357 in
329 2295 417 2357 omni
431 2293 539 2381 potius
556 2291 628 2355 vitae
647 2315 759 2374 cursu,
776 2291 882 2376 labor,
904 2308 935 2357 et
953 2293 1054 2360 dolor.

21 2399 90 2465 noe
105 2404 136 2467 iu
161 2403 278 2491 vulgus
302 2415 395 2464 retus
422 2399 474 2464 illa
503 2399 717 2487 Theophrasti
741 2401 956 2487 querimonia,
980 2426 1055 2467 cum

25 2508 364 2597 mturaexpostulantis,
371 2506 474 2571 brutis
486 2505 708 2585 animantibus,
721 2527 863 2593 quorum
874 2506 953 2571 nihil
960 2509 1056 2573 inter·

25 2629 103 2695 caet,
114 2615 267 2704 longum,
278 2614 403 2678 homini
414 2635 492 2676 vero
511 2612 644 2676 brevem
663 2610 839 2676 admodum
857 2613 929 2676 vitae
944 2615 1054 2679 termi-

25 2739 85 2782 num
93 2720 371 2808 circumscriptum
383 2739 450 2782 esse
460 2701 484 2782 ὁ.
514 2715 578 2781 Sed
593 2716 754 2805 eleganter
768 2717 808 2782 de
819 2719 969 2782 humanae
984 2721 1056 2783 vitae

23 2820 154 2892 brevitate
163 2825 366 2905 Aristotelem
378 2822 542 2888 Sallustius
553 2824 587 2887 in
598 2825 755 2910 prooemio
770 2824 846 2889 belli
860 2823 1055 2914 Iugurthini,

24 2943 100 3017 etque
109 2934 190 2998 adeo
200 2934 237 2996 L.
252 2932 374 2996 Seneca
388 2929 429 2996 ad
444 2930 615 2995 Paulinum
634 2929 868 3013 disseruerunt,
889 2948 921 2996 et
939 2955 979 3010 ex
989 2955 1055 2997 ma-

22 3037 250 3105 thematicorum
267 3038 431 3127 disciplina
442 3037 475 3101 in
487 3037 612 3102 Claudii
623 3037 738 3125 imper.
755 3039 818 3102 vita
827 3037 914 3103 idem
925 3039 1057 3105 Trebel·

23 3141 69 3207 lius
76 3146 180 3212 Pollio.
193 3143 314 3212 Adhuc
323 3145 444 3232 phthisi
455 3145 735 3209 contabescentem
747 3143 902 3209 Senecam
916 3147 1058 3235 philoso-

23 3249 119 3336 phum,
144 3275 254 3340 eoque
279 3253 411 3316 nomine
433 3250 512 3315 coedi
536 3251 571 3315 C.
600 3251 750 3340 Caligulae
768 3253 844 3340 imp.
869 3254 957 3341 quasi
980 3275 1057 3318 mox

56 3443 74 3476 1.
92 3425 214 3498 Phlegon
227 3425 264 3480 de
275 3424 423 3494 longaevis.
475 3415 479 3422 ’

53 3540 73 3574 a.
91 3523 210 3592 Plinius,
225 3522 262 3576 II.
276 3521 310 3576 N.
324 3519 371 3573 lib.
386 3519 457 3588 VII,
471 3539 493 3572 c.
506 3537 522 3573 a
536 3528 563 3571 rt
577 3517 621 3582 48.

53 3617 73 3671 3.
92 3619 203 3675 Censor.
216 3619 252 3672 de
266 3618 313 3671 die
324 3616 430 3684 Natali,
444 3635 467 3669 e.
487 3615 531 3670 15.

54 3723 73 3784 l.
90 3718 204 3786 Strabo,
213 3715 306 3782 Mela,
317 3715 420 3768 Plinius
430 3723 457 3766 ct
465 3712 582 3771 Solinus.

54 3812 321 3870 stremonium
340 3813 395 3864 rita
416 3810 532 3868 Claudii.

54 3909 74 3964 6.
92 3914 209 3967 Juvenal.
223 3909 281 3968 sat.
298 3908 342 3964 15.

55 4026 74 4074 τ.
92 4011 131 4064 n.
145 4009 190 4086 a,

55 4106 76 4160 ⁸-
95 4111 186 4166 Cicero
200 4108 314 4167 Tuscul.
330 4107 381 4160 Ill.
