2874 4808
260 397 695 466 CONTROVERstARUM
718 399 800 464 Hb.
826 399 867 479 V,
895 396 949 498 3¹7
1072 397 1137 482 423

72 545 125 595 tur
143 526 293 618 quisque
309 548 367 592 sua
385 525 472 616 lege.
485 524 566 591 Tibi
578 523 790 608 illudlicuit,
808 539 842 592 et
858 524 942 591 mibi
957 523 1022 591 hoc
1035 521 1134 612 licet,

72 640 226 710 abdicare
247 639 374 708 liberos
384 639 484 708 liceat
499 624 514 706 ἐ
534 654 584 707 est
600 639 714 731 aliqua
732 639 808 723 lex,
827 639 903 731 qu'ae
919 639 990 707 filio
1007 655 1139 734 patrem

73 758 242 852 preferat?
253 757 292 826 Si
306 771 417 850 potest
428 756 599 842 abdicari,
616 759 718 824 etiam
732 772 871 851 propter
885 754 940 841 id,
956 755 1050 848 quod
1060 755 1138 850 lege

72 875 287 967 permittente
296 872 389 940 fecit.
400 873 453 940 An
464 870 616 942 abdicari
627 874 740 940 etism¹
755 869 1044 965 propterhocnon
1056 894 1138 965 pos-

73 994 128 1072 sit,
142 988 236 1083 quod
252 992 430 1082 praemium
443 990 586 1081 accepit.
603 991 680 1057 Non
694 1003 822 1082 potest,
844 988 975 1080 inquit,
991 989 1028 1055 in
1043 1011 1084 1056 ea
1099 1013 1138 1056 re

73 1108 225 1198 privatim
236 1106 368 1198 puniri,
384 1106 419 1172 in
431 1129 497 1196 que
508 1104 645 1197 publice
658 1105 859 1173 bonoratur.
871 1103 990 1172 Eidem
1003 1105 1054 1172 rei
1068 1127 1139 1173 nou

74 1238 178 1313 potest
193 1222 375 1314 praemium
392 1219 488 1304 dari,
507 1236 541 1287 ot
558 1235 638 1288 nota
657 1219 867 1289 denuntiari.
888 1222 1018 1289 Caetera
1032 1221 1135 1313 jura,

74 1353 167 1428 puto,
188 1354 337 1432 paterno
357 1338 501 1430 imperio
516 1336 666 1430 subjecta
684 1359 758 1404 esse
777 1363 785 1404 :
805 1335 871 1404 hoc
884 1335 941 1426 jus
964 1335 1072 1428 majus
1088 1352 1139 1434 est

74 1454 240 1536 steteris²‚
261 1450 354 1546 quod
368 1453 510 1520 victoria
524 1452 567 1521 de
583 1476 713 1521 summa
728 1453 856 1520 virtute
868 1452 1046 1544 quaeritur.
1062 1453 1139 1520 Non

75 1586 163 1661 potes
170 1568 414 1664 propterhanc
422 1569 533 1664 legem
546 1569 656 1638 filium
667 1568 842 1655 abdicere,
857 1585 1108 1663 propterquam
1119 1593 1140 1636 a

77 1683 141 1750 filio
152 1685 263 1753 victus
273 1708 324 1752 es.
342 1684 378 1752 Si
391 1698 502 1775 potest
514 1682 686 1762 abdicere,
703 1681 756 1750 An
769 1681 903 1749 debeat.
917 1683 990 1750 Hoc
1001 1679 1136 1768 divisit,

76 1799 123 1866 An
138 1801 241 1868 etiem
254 1803 283 1869 si
299 1824 368 1868 non
379 1797 589 1868 debeatcum
604 1815 700 1893 patre
713 1798 940 1881 contendere,
960 1797 1140 1888 ignoscen-

78 1913 150 1984 dum
175 1933 291 1985 tamen
315 1917 380 1998 sit,
409 1917 436 1984 si
460 1914 657 1983 adolescens
680 1915 796 2007 gloriae
820 1913 1006 2008 cupiditate
1027 1913 1141 2009 lapsus

78 2047 134 2098 est.
148 2033 304 2115 Deinde,
328 2032 382 2100 An
403 2030 610 2100 contendere
630 2029 799 2099 debuerit.
820 2033 929 2113 Tum,
946 2030 1083 2122 inquit,
1104 2045 1139 2098 et

79 2142 250 2217 honestum
276 2165 448 2217 certamen
470 2163 562 2230 erat,
591 2164 626 2215 et
642 2163 764 2215 tutum.
781 2147 877 2240 Quid
889 2149 981 2215 enim
997 2162 1048 2214 est
1065 2144 1141 2238 glo-

81 2263 193 2334 riosius
206 2290 311 2358 quam
327 2281 386 2335 aut
399 2267 509 2334 virum
523 2266 646 2332 fortem
658 2267 819 2350 vincere,
834 2280 894 2332 aut
907 2266 1034 2332 vincia
1048 2263 1143 2332 filio?

80 2380 104 2445 si
116 2405 181 2450 non
195 2381 371 2452 debuisset
383 2380 604 2465 contendere,
623 2407 693 2450 non
705 2383 853 2451 vicisset.
869 2383 912 2448 Et
924 2383 1036 2474 potuit
1047 2381 1138 2460 fieri,

81 2509 128 2576 ut,
145 2497 172 2564 si
191 2497 250 2565 bic
265 2496 328 2563 tibi
342 2497 514 2577 nescisset,
535 2495 622 2563 alius
637 2496 714 2587 quis
728 2493 772 2562 ad
789 2509 960 2562 certamen
974 2491 1150 2586 procede-a

82 2626 143 2695 ret,
160 2613 219 2702 qui
238 2635 331 2680 nunc
346 2635 415 2680 non
434 2613 617 2704 processit,
637 2612 717 2702 quin
731 2611 858 2680 sciebat
874 2608 962 2678 nibil
979 2608 1044 2676 sibi
1059 2627 1143 2700 pro·

83 2723 247 2810 futurum,
268 2729 297 2794 si
315 2742 349 2795 te
367 2728 518 2810 vicisset,
539 2751 644 2818 quum
663 2726 803 2794 deberet
818 2751 838 2794 a
855 2726 927 2794 filio
950 2741 1007 2792 tuo
1025 2725 1143 2792 vinci?

84 2838 165 2907 nulla
183 2841 258 2910 laus
276 2857 334 2910 tua
352 2841 491 2928 fuisset,
511 2841 723 2933 apparuisset
742 2841 834 2907 enim
851 2837 943 2908 ilium
962 2838 1141 2906 victoriam

83 2975 144 3021 non
157 2959 222 3025 viri
241 2959 337 3025 fortis
354 2957 478 3036 fuisse,
495 2956 555 3024 sed
572 2958 689 3049 patris.
708 2957 849 3026 Silentio
863 2957 1005 3024 virtutes
1018 2969 1141 3023 nostrae

84 3065 309 3158 tmusissent³;
327 3095 421 3139 nunc
440 3070 626 3139 illustratus
642 3063 697 3139 es‘
718 3071 799 3139 dum
817 3069 1052 3140 conferuntur.

126 3189 290 3258 Tnnrrsus
315 3187 474 3258 hocloco
498 3186 587 3254 belle
613 3187 697 3254 dixit
725 3188 872 3255 :Plures
897 3187 959 3254 tibi
986 3185 1141 3256 invidere

84 3375 161 3433 divisit
173 3381 199 3434 in
211 3381 299 3436 Contr.
311 3381 357 3443 lv,
369 3393 393 3431 et
405 3379 473 3432 alibi.
485 3377 583 3433 Sebult.
632 3382 719 3433 issent.
733 3381 820 3449 Quum
828 3380 855 3432 in
863 3380 974 3450 antiquis
985 3380 1018 3432 sit
1029 3391 1143 3434 transtu·

116 3475 136 3510 1·
150 3464 194 3514 Aa
208 3463 331 3516 abdicari
343 3465 432 3514 etiam.
450 3459 585 3532 Conjunge
633 3462 730 3520 lisseol,
739 3459 780 3510 bic
789 3458 909 3531 scriptum
920 3457 1087 3531 fuissepotius
1094 3478 1145 3511 cre·
1243 3463 1249 3478 ’

87 3537 205 3602 periodo,
227 3557 285 3612 quas
308 3538 426 3612 praecedit
437 3555 444 3588 t
444 3537 528 3608 seci13
548 3556 586 3590 an
633 3539 693 3590 darn
711 3561 716 3588 :
734 3539 923 3591 transivissent.
932 3537 1142 3608 Haecipsaetiam

86 3610 203 3669 obds'cars'.
220 3617 292 3669 Prius
305 3615 449 3668 membrum
462 3635 533 3666 more
545 3634 586 3667 so·
635 3629 721 3669 notare
731 3635 813 3687 operae
824 3615 934 3688 pretium
949 3614 1085 3679 existimet,
1098 3613 1143 3685 qui

87 3687 149 3744 lenni
159 3715 187 3747 er
198 3695 279 3768 prima
291 3695 430 3765 questione
444 3693 586 3765 repetitum.
635 3695 736 3747 noverit
746 3694 876 3747 Ciceronis
890 3692 940 3744 hoc
955 3713 961 3746 ε
977 3693 1037 3745 Non
1052 3710 1142 3761 repre·

88 3767 176 3826 Sorte.
635 3772 1144 3845 liendoseripsere:seripserurtesseve-

118 3850 196 3906 211oe
200 3859 243 3916 Ῐω
253 3859 341 3917 majus
350 3864 389 3905 est
396 3855 502 3904 ceteris.
511 3851 586 3922 Apud
635 3854 689 3903 rius
701 3855 787 3904 sentio·
799 3851 898 3904 Scbudt.

89 3923 189 3992 Quintil.
201 3929 317 3983 nectam.
327 3933 356 3996 4,
366 3931 406 3983 vir
414 3929 497 3981 sortis:
507 3928 583 3979 «Eiri-
666 3928 690 3994 4
709 3930 784 3982 Nunc
799 3931 946 3981 iilustratus
962 3945 997 3978 es.
1010 3925 1143 3978 Cornelius

91 4007 148 4059 mius
163 4031 206 4082 per
223 4030 373 4082 magnorum
392 4029 495 4081 operum
515 4027 586 4060 reve·
634 4007 720 4080 Nepos
728 4005 940 4058 in'l'hesnistorlis
951 4003 1103 4074 vits,eapite
1119 4020 1144 4055 s:

90 4085 186 4136 rentiam
197 4088 229 4139 ds
240 4087 386 4142 necessitate
395 4089 507 4158 parendi.
518 4111 531 4134 n
542 4088 587 4139 ld.
638 4107 650 4132 τ(
661 4086 721 4153 Quo
733 4085 828 4136 facturn
843 4096 879 4136 cst
891 4119 897 4149 ,
910 4095 938 4136 ut
949 4082 1018 4136 brevi
1029 4082 1145 4134 illustre-

118 4158 139 4210 3·
150 4163 256 4218 Silentia
270 4169 379 4220 virtutes
391 4176 485 4219 nostroe
499 4175 589 4220 trans·
638 4175 737 4216 retur.»
751 4161 850 4214 schole.
