2874 4796
252 447 486 518 EXCERPI'A
510 449 672 518 CONTR.
698 451 779 517 LlB.
804 452 854 534 11,
881 451 913 518 5.
1058 447 1124 540 489

11 575 13 592 '
58 579 209 671 equulei,
236 577 407 673 quidquid
426 580 566 671 antiqua
588 579 717 648 saevitia
735 581 935 665 invenerat,
955 577 1125 672 quidquid

58 695 224 789 adjecerat
244 707 363 764 nova&
384 693 481 788 Quid
496 689 640 788 amplius
658 693 796 764 dicam?
819 710 854 764 et
874 710 1039 789 tyrannus
1052 708 1125 761 tor-

60 810 203 902 quebat,
225 835 330 902 quum
346 811 417 879 de'
436 810 667 903 tyrannicidio
684 825 862 904 quaereret.
884 813 973 879 Num
1000 813 1126 904 premit

59 951 189 996 censum
204 950 348 998 onerosa
365 927 574 1022 sumptibus,
589 944 624 997 ct
641 929 700 1018 (ut
713 927 819 1000 seculi
833 929 990 1024 mosest)
1009 929 1046 996 in
1060 926 1127 996 ds-

11 1097 12 1100 *
60 1045 159 1112 terius
174 1043 258 1112 luxu
279 1043 406 1113 fluente
427 1045 606 1114 muliebris
628 1045 768 1112 ambitio
789 1045 1124 1130 certaminemutuo,
1223 1073 1232 1094 ·

60 1160 210 1252 usquein
223 1155 671 1254 publieadamnaprivatis³
686 1161 835 1229 insanit?
846 1161 1021 1254 Numquid
1032 1159 1128 1252 gem·

62 1301 138 1361 mss,
154 1295 188 1348 et
204 1302 247 1346 ex
262 1276 373 1346 alieno
388 1279 501 1347 littore
514 1278 637 1373 petitos
654 1277 788 1372 lapillos
799 1280 814 1348 i
825 1281 1001 1374 Exspecta,
1016 1293 1127 1373 potest

62 1417 189 1486 parere.
204 1396 284 1464 Non
303 1392 487 1488 respondet
503 1395 546 1463 ad
563 1412 687 1464 certam
707 1391 796 1463 diem
813 1388 1043 1464 loecunditasl.
1066 1396 1127 1464 Sui

59 1509 140 1601 juris
149 1532 267 1577 rerum
280 1524 401 1578 natura
414 1523 476 1578 est.
489 1509 609 1578 Utrum
621 1525 719 1603 putas
730 1509 921 1578 mirandum
932 1532 1017 1596 esse,
1030 1524 1126 1578 tuum

62 1626 346 1719 tyrannicidium,
361 1651 406 1695 an
420 1626 522 1719 hujus
535 1607 707 1696 silentium
720 1629 747 1698 ἱ),

11 1769 12 1772 “
106 1775 215 1844 PARS
239 1775 437 1844 ALTERA.
462 1777 534 1870 Ego
561 1792 649 1844 torta
670 1799 765 1860 sum,
793 1778 914 1843 merito
936 1773 1124 1867 objiceres,

66 1893 124 1962 nisi
142 1910 174 1962 te
192 1893 418 1962 vindicassem
438 1920 446 1960 ι
463 1892 565 1961 etiam
581 1893 610 1961 si
629 1893 720 1962 scisti
735 1891 777 1960 de
794 1889 1022 1984 tyrannicidio
1037 1891 1125 1973 viri,

65 2001 141 2078 necl
157 2009 341 2092 indicasti,
364 2033 431 2077 non
458 2023 508 2076 est
532 2009 757 2092 beneficium,
782 2010 892 2078 scelus
912 2008 1123 2077 nonfacere.

66 2125 187 2195 Deinde
206 2150 275 2195 nec
294 2125 403 2211 scisti3
423 2149 492 2193 non
511 2127 602 2193 enim
619 2124 682 2192 tibi
699 2122 860 2196 indicavi.
881 2125 1037 2194 Nectum
1056 2148 1131 2194 ma-

67 2265 159 2334 gnum
174 2239 368 2326 consilium,
384 2240 543 2310 virilibus
557 2265 694 2333 quoque
710 2243 833 2311 animis
844 2265 960 2334 grave,
976 2241 1128 2310 commisi

67 2359 213 2429 muliebri
231 2357 427 2452 garrulitati
448 2385 455 2425 :
477 2381 551 2449 quta
576 2357 612 2424 id
635 2358 742 2426 solum
766 2373 877 2451 potest
899 2373 1011 2426 tacere
1035 2356 1127 2449 quod

67 2475 175 2543 nescit.
195 2475 279 2568 Quo
294 2492 445 2567 tempore
465 2497 549 2543 uxor
569 2487 658 2542 torta
682 2488 750 2558 ast,
766 2471 863 2540 'nihil
877 2471 992 2541 adbuc
1011 2471 1127 2566 de‘ty-

40 2573 45 2602 '
66 2593 245 2662 rannicidio
262 2589 451 2684 cogitabam
470 2617 478 2659 ε
494 2607 610 2686 postea
628 2589 787 2682 cogitari.
804 2591 848 2657 Et
863 2588 937 2657 haec
956 2591 1032 2681 ipsa
1040 2588 1127 2656 mihi

69 2708 227 2800 cogitandi
256 2731 357 2777 causa
379 2708 464 2795 fuit,
489 2707 606 2775 uxoris
631 2706 728 2774 ultio.
754 2707 811 2790 Si,
838 2701 932 2798 quod
951 2703 1124 2804 audierat,

68 2825 177 2911 tacuit,
195 2849 267 2893 non
286 2824 493 2893 beneficium
511 2839 562 2892 est
572 2874 583 2907 ,
606 2820 666 2891 sed
685 2821 784 2895 fides.

109 2967 272 3037 EXTRA.
301 2961 355 3036 L.'
369 2969 538 3053 ercrus,
568 2990 637 3058 quo
661 2989 761 3035 nemo
788 2965 873 3035 civia
893 2967 1066 3036 Romanus
1089 2969 1126 3038 in

70 3081 197 3171 agendis
214 3083 326 3153 causis
352 3083 553 3176 praesentius
580 3081 700 3151 habuit
726 3084 918 3177 ingenium.
945 3082 1128 3178 Quidquid

69 3193 160 3288 longa
177 3200 337 3295 cogitatio
355 3198 406 3268 illi
424 3199 613 3291 praestitura
631 3214 723 3281 erat,
740 3201 850 3292 prima
863 3199 1008 3270 intentio
1022 3202 1127 3270 animi

71 3307 172 3382 dabat.
199 3319 246 3384 Ex
273 3333 423 3410 tempore
448 3339 564 3385 causas
582 3315 725 3410 agebat,
747 3314 892 3384 sednon
911 3315 1127 3388 desiderabat

69 3421 148 3497 hanc
163 3431 508 3515 commendationem,
529 3445 567 3502 ut
584 3455 625 3501 ex
644 3448 796 3526 tempore
815 3456 918 3527 agere
935 3431 1123 3503 videretur.

69 3541 113 3610 Ile
128 3543 192 3616 hoc
209 3549 385 3644 eleganter
408 3549 491 3618 dixit
512 3547 611 3617 divus
630 3548 800 3654 Augustus
819 3574 828 3615 ε
845 3549 887 3618 L.
911 3551 1055 3621 Vinicius
1071 3553 1127 3620 in-

67 3661 187 3741 genium
205 3665 239 3728 in
256 3680 427 3732 auctorato
444 3662 556 3731 ltobct.

100 3815 261 3880 addixerat
272 3837 347 3873 noso.
357 3818 433 3891 Quid
440 3821 565 3888 amplius.
615 3839 714 3872 rannus
726 3821 902 3890 torquebatur,
914 3832 985 3886 tum,
996 3833 1041 3874 etc
1049 3819 1124 3874 male.

71 3884 121 3942 Una
138 3911 197 3947 roes
217 3896 313 3950 auctior
328 3898 434 3970 scriptus
455 3899 527 3950 voa.
542 3908 568 3951 et
648 3898 672 3950 3.
689 3899 816 3952 Privatis.
828 3897 881 3950 Alii
892 3901 1026 3966 privatim.

71 3966 416 4042 miffladjecemsma,
433 3977 565 4038 aderunt,
653 3975 678 4042 4.
695 3975 776 4030 Diem
786 3975 960 4048 jucunditas.
980 3971 1125 4045 Aliifidem

71 4045 366 4118 llldflmpliusdicom?
381 4053 533 4109 Gmmvios.
608 4051 835 4122 [αωηᾰόιωμῐ.
845 4072 899 4126 sup.
910 4071 934 4124 p.
949 4051 1005 4104 218.

100 4123 304 4202 altimum
315 4133 566 4204 torqrmdmpuum,
648 4131 823 4196 5.Vtri,nec.
836 4128 1124 4194 Aliivr'n',etss'.Frob.

73 4207 112 4251 ⁸¹0·
120 4202 229 4261 ltavstus
239 4208 426 4266 lectioetFrob·
437 4211 489 4266 Alii
497 4222 522 4265 et
530 4222 568 4282 ty·
617 4221 641 4262 et
649 4209 701 4263 dua
713 4209 774 4263 libb.
783 4229 823 4282 ap.
836 4207 933 4264 Sebatt.
943 4211 1128 4276 ulmetium.
