2874 4808
298 440 365 525 426
400 485 405 504 κ
621 442 668 506 Μ.
694 437 838 507 auum
862 431 1042 506 seuseu·

295 582 439 658 utraque
455 567 646 658 pertineret
663 566 815 633 victoria.
833 563 929 656 Quid
945 565 1069 657 putatis
1087 589 1140 633 me
1164 561 1340 634 dictarum
1354 569 1376 635 ἶ

297 681 470 749 fortiorem
479 705 533 748 me
547 683 679 750 visum?
691 679 810 748 falsum
823 697 894 768 est,
907 704 1010 772 quum
1023 681 1088 749 hcc
1102 685 1258 774 quoque,
1273 682 1371 774 quod

296 820 359 888 ego
377 796 473 864 fortis
489 821 602 880 eram,
620 798 717 864 istius
731 811 829 864 esset.
848 797 945 888 Quid
961 799 1070 890 ergo?
1086 822 1192 890 quare
1206 799 1369 884 vicerim,

295 911 470 1002 quaeritis?
490 911 608 978 Visum
626 927 677 978 est
695 911 740 978 ad
757 909 916 980 ruborem
935 913 1036 979 totius
1049 911 1238 1004 juventutis
1255 913 1368 1003 perti-

295 1027 408 1109 nere¹,
425 1028 595 1094 neminem
609 1050 777 1120 pugnasse
792 1027 930 1111 fortius,
946 1051 1046 1118 quam
1061 1050 1188 1095 senem.
1204 1029 1247 1096 Et
1260 1052 1369 1120 quum

293 1141 449 1228 dixisset,
469 1165 505 1210 se
519 1144 656 1236 praemis
670 1144 706 1211 in
721 1158 850 1236 patrem
866 1143 1048 1212 contulisse
1066 1169 1074 1210 :
1093 1141 1199 1226 dixit,
1219 1143 1294 1212 Vici
1311 1159 1364 1227 te,

294 1276 391 1350 pater
408 1286 416 1326 ι
435 1258 495 1326 sed
511 1283 634 1352 nempe
651 1259 720 1326 vici
736 1258 813 1326 tibi.

342 1375 504 1444 desumus
528 1375 594 1443 hoc
612 1375 724 1442 colore
743 1375 895 1442 narravit
919 1401 927 1441 t
946 1374 1083 1461 Noluit,
1104 1377 1235 1467 inquit,
1253 1375 1368 1443 rideri

256 1523 259 1528 ·
291 1516 354 1585 per
372 1491 591 1560 collusionem
611 1493 698 1584 patri
722 1491 856 1559 titulum
883 1491 1056 1560 fortissimi
1074 1492 1142 1559 viri
1162 1493 1364 1585 contigisse.

293 1611 371 1677 Non
389 1611 567 1679 cessiante
578 1607 768 1700 judicium,
785 1624 822 1674 ut
836 1607 1019 1700 injudicio
1035 1599 1191 1677 cederem
1207 1635 1216 1674 ι
1233 1624 1268 1676 et
1280 1603 1363 1677 feci.

293 1726 389 1794 Nibil
410 1725 504 1796 aliud
525 1749 625 1817 quam
644 1725 778 1794 laudavi
797 1741 951 1818 patrem,
972 1727 1114 1794 virtutes
1132 1727 1207 1816 ejus
1227 1725 1332 1794 retuli
1351 1752 1362 1792 ς

293 1844 383 1910 visus
404 1868 477 1911 sum
494 1858 634 1936 propter
645 1840 711 1910 boc
728 1843 839 1936 ipsum
856 1842 993 1935 praemio
1013 1841 1151 1934 dignus.

341 1960 420 2026 Suo
444 1960 564 2027 Gustus
586 1958 635 2026 ait
655 1987 663 2027 ε
684 1957 822 2028 Solebas
850 1957 959 2040 mibi,
979 1973 1100 2051 pater,
1121 1960 1214 2028 inter
1235 1957 1366 2052 digno-

293 2097 369 2141 rum
389 2075 539 2142 virorum
565 2074 743 2167 exempla²
759 2098 901 2142 narrare
928 2058 1080 2166 quasdam
1100 2075 1204 2142 etiam
1223 2075 1365 2143 domes-

293 2191 372 2277 tica,
392 2190 507 2258 aiebas
524 2206 635 2258 autem
652 2215 660 2257 ε
676 2193 810 2260 Patrem
825 2191 945 2258 fortem
960 2193 1073 2259 virum
1091 2191 1242 2259 habuisti
1257 2219 1267 2278 3
1283 2191 1364 2260 vide

293 2323 331 2373 ut
357 2323 394 2375 tu
424 2309 469 2376 sis
500 2308 640 2392 fortior,
666 2308 816 2400 processi
841 2323 951 2375 tecum
979 2307 1015 2374 in
1036 2309 1163 2391 aciem,
1187 2307 1365 2377 necillinc

294 2422 394 2493 inulti
410 2423 577 2508 redimus,
598 2425 707 2492 omnis
723 2423 831 2518 gloria
850 2425 885 2492 in
903 2448 970 2492 una
989 2423 1192 2494 domuerat.
1216 2425 1364 2494 Jubebst

295 2540 486 2634 respublica
500 2541 603 2609 fortes
619 2542 710 2607 virus
726 2563 979 2632 recognoscere.
998 2539 1030 2610 0
1047 2555 1208 2631 quantam
1222 2565 1287 2638 ego
1300 2566 1364 2610 cu-

294 2657 470 2752 piditatem
501 2657 618 2750 glorie
646 2658 682 2724 in
707 2671 803 2747 patre
825 2679 899 2724 meo
918 2655 1010 2739 vidi,
1031 2679 1133 2747 quam
1147 2657 1337 2748 juvenilem
1349 2655 1363 2723 l:

294 2775 509 2844 Conteudcre
526 2751 579 2841 me
596 2772 731 2841 vetabat
748 2775 914 2865 imperio,
930 2773 1073 2864 jubebat
1086 2775 1254 2865 exemplo.
1271 2776 1365 2843 Ven-

294 2908 365 2958 tum
377 2907 427 2958 est
440 2893 475 2956 in
484 2889 652 2982 judicium
668 2917 675 2955 :
690 2891 838 2957 omnium
853 2913 936 2981 quas
954 2913 1016 2981 ego
1029 2892 1129 2972 novi,
1143 2916 1201 2959 res
1213 2893 1364 2961 invidio-

293 3004 423 3072 sissima
444 3003 659 3095 querebatur
675 3002 717 3070 de
739 3020 834 3096 patre
854 3027 952 3086 meo,
974 3021 1089 3072 utrum
1107 3003 1229 3074 fortior
1245 3021 1362 3092 esset,

231 3173 235 3182 .
291 3143 335 3188 an
352 3119 495 3188 felicior.

339 3238 440 3304 Oscos
460 3236 526 3305 hoc
547 3235 660 3305 colore
684 3239 846 3306 narravit.
869 3237 975 3306 Erant
996 3240 1055 3331 qui
1075 3231 1298 3321 accederent,
1325 3255 1362 3306 et

290 3350 444 3420 dicerent
461 3377 468 3418 ι
485 3352 580 3443 Roga
600 3367 730 3445 patrem
750 3369 865 3433 tuum,
886 3351 985 3420 cedat
1002 3354 1078 3420 tibi.
1099 3355 1175 3422 Non
1199 3369 1252 3422 est
1274 3351 1360 3421 utile

290 3469 487 3562 reipublice
510 3470 657 3538 hostium
687 3469 833 3538 excitare
860 3473 1018 3558 animos,
1047 3469 1298 3556 excitabuntur,
1327 3469 1360 3536 si

288 3665 337 3716 bis.
357 3663 473 3730 Quorum
485 3663 631 3715 alterutrum
642 3664 717 3736 proin
732 3664 795 3716 reci·
844 3663 873 3717 C.
891 3665 921 3716 dc
933 3664 1010 3736 injur.
1027 3664 1131 3716 maritus
1145 3663 1238 3715 dicitur
1255 3661 1305 3735 peti
1324 3661 1356 3714 in

288 3744 503 3815 piendum,quum
516 3763 568 3795 non
577 3743 654 3813 possit
660 3756 753 3795 temere
762 3743 796 3795 ita
845 3741 927 3794 uxoris
948 3741 1057 3816 pudore,
1075 3741 1104 3792 id
1121 3753 1172 3803 est,
1183 3739 1357 3794 conmmelis:

290 3834 416 3874 exaratum
428 3819 659 3892 bicessejudiesri.
673 3820 771 3873 Schola
846 3819 907 3872 hinc
930 3833 955 3871 ct
973 3819 1052 3872 rubor
1076 3819 1207 3892 eleganter
1226 3818 1286 3882 bic,
1310 3837 1356 3890 pm

292 3921 296 3932 ·
324 3899 408 3954 1.Ad
424 3899 541 3952 ruborem
558 3902 637 3950 totius
650 3899 796 3964 juventutes
848 3895 1086 3949 dedecoreScdolt.

287 3981 422 4044 pertinere.
432 3979 519 4045 Quum
529 3975 608 4028 rubor
613 3993 677 4046 steps
688 3995 732 4045 pro
745 3995 797 4046 pu·
880 3995 903 4025 n.
913 3974 987 4026 Inter
994 3977 1132 4042 dignorum
1141 3977 1260 4026 uirorum
1268 3992 1358 4028 em

288 4058 368 4120 dore,
390 4055 462 4125 eujus
481 4067 518 4108 est
535 4054 655 4126 signum,
677 4064 795 4124 ponatur,
843 4057 900 4123 pla.
925 4052 1045 4104 Ollendit
1064 4071 1105 4103 me
1123 4071 1173 4104 vox
1195 4053 1355 4119 dt'ffnomn,

286 4135 373 4200 pudor
382 4153 440 4184 reto
451 4152 515 4206 sepe
530 4132 564 4186 sit
579 4131 701 4194 dedecus,
710 4133 799 4200 pudor
847 4127 923 4181 nimis
936 4128 997 4180 levis
1009 4127 1051 4182 bie
1060 4141 1085 4180 et
1096 4127 1171 4200 plens
1183 4127 1278 4201 putide.
1289 4125 1357 4181 Scri·

286 4221 326 4264 eu
339 4215 378 4266 nit
388 4214 485 4268 discere
497 4215 577 4277 velle,
595 4212 630 4265 ila
649 4223 674 4264 et
685 4211 712 4264 in
730 4209 747 4262 l.
762 4210 796 4262 ll.
829 4281 834 4298 ι
847 4210 921 4282 puisse
942 4210 1039 4263 Seuera
1052 4207 1157 4278 uidetur,
1169 4227 1177 4261 t
1187 4209 1354 4271 drumm,
