2874 4808
275 524 714 593 CONTROVEIISIARUM
738 527 819 592 LIB.
845 527 911 610 tv,
939 529 992 593 28.
1102 471 1168 620 37p

252 863 741 950 CONTROVEIISIA
779 866 1003 952 XXVIII.

185 1083 423 1132 Putvltttttts
456 1083 504 1130 ΑΒ
535 1083 618 1132 Avo
645 1083 806 1134 neruus
839 1087 1058 1138 novultcAE.

460 1245 533 1307 er.
551 1247 596 1306 De
612 1247 640 1306 ri
655 1249 692 1306 sit
702 1249 785 1308 actio.

81 1398 202 1456 Turn.
225 1397 351 1479 Quidum
365 1399 433 1458 duos
441 1395 526 1478 filios
537 1397 588 1458 sud
607 1417 725 1458 noverca
739 1397 848 1467 amisit,
865 1397 959 1458 duttts
973 1399 1120 1460 cmditatri
1141 1410 1171 1460 et

122 1499 226 1558 oenenr'
236 1497 331 1575 rigrtt‘e.
352 1493 581 1577 Termamfltmm
593 1505 737 1557 metemus
748 1519 816 1556 ames
832 1499 941 1576 raptui,
958 1499 1009 1579 qui
1018 1499 1060 1557 nd
1072 1500 1166 1559 visen-

121 1596 176 1655 dos
188 1603 302 1675 nepotes
316 1614 406 1671 ugron
418 1591 583 1674 nonfuemt
597 1594 759 1664 admrlrntsr
777 1593 916 1674 quoerenti
924 1594 1067 1674 pntn'per
1080 1613 1166 1674 pm-

122 1717 240 1767 comm,
253 1694 332 1756 duit
343 1694 462 1774 amedee
475 1715 535 1755 erse
550 1717 560 1753 ε
577 1703 727 1754 accusatio
741 1693 777 1752 de
792 1695 828 1754 oi.

128 1873 222 1940 Jmur
237 1875 432 1941 thnrorus.
449 1871 624 1940 Violentus
639 1886 673 1939 et
689 1873 856 1965 impotens
871 1894 972 1939 senex
986 1855 1156 1940 hominem

79 1987 228 2056 liberum
245 1989 323 2056 einu
341 2012 415 2056 meo
430 1989 527 2082 rapui
541 1993 549 2024 ¹
562 2016 572 2076 ς
589 1987 681 2080 quod
696 2012 831 2056 servare
846 1987 908 2056 tibi
928 1986 1070 2060 difficile
1083 2003 1154 2072 eet,

79 2131 143 2174 nvo
156 2103 261 2172 dona.
277 2103 445 2198 Quotiens
457 2109 616 2174 miserum
627 2129 694 2190 me,
712 2128 811 2198 puer,
828 2103 996 2172 nudieeia
1012 2073 1157 2173 novercd

79 2224 237 2316 quinquie
249 2247 299 2302 ee,
317 2222 471 2316 fugitive,
486 2222 646 2291 reductus
659 2227 731 2290 ea'-
748 2222 858 2290 Habui
870 2222 988 2302 filiam,
1002 2221 1156 2314 quamvis

78 2341 142 2408 iste
167 2363 257 2406 unus
281 2338 373 2407 filius
393 2341 558 2432 supersit,
581 2338 782 2407 foecundam.
803 2339 913 2431 Quam
934 2339 1156 2433 indulgenter

77 2457 264 2548 puerperia
280 2452 412 2524 divisit!
428 2453 535 2524 Natus
553 2471 604 2524 eet
618 2456 709 2523 filius
725 2481 732 2521 :
746 2455 849 2536 dixit,
865 2455 974 2523 Filius
987 2453 1045 2522 hic
1058 2478 1153 2523 meus

77 2589 146 2658 eat3
164 2589 266 2640 natus
282 2589 332 2640 eet
347 2573 433 2641 alter
452 2601 459 2640 :
477 2572 583 2655 dixit,
604 2573 669 2640 Hic
684 2573 799 2640 matria
813 2589 862 2639 eet
875 2600 885 2658 3
904 2587 1002 2640 notus
1017 2587 1067 2638 eet
1082 2587 1154 2638 ter-

76 2689 143 2756 tiue
167 2716 175 2756 :
197 2688 300 2774 dixit,
327 2692 391 2758 Hie
416 2693 470 2758 avi
491 2707 553 2758 eet.
580 2689 694 2784 Quum
718 2703 885 2782 quaereret
901 2688 1033 2770 filium,
1054 2705 1153 2756 erant

77 2807 136 2898 qui
151 2804 334 2874 suaderent
350 2822 383 2874 et
399 2803 553 2876 dicerent
572 2834 579 2873 :
596 2809 708 2887 Tace,
732 2806 856 2874 meruit
869 2799 1038 2873 excludi³.

124 2923 239 2990 Cnsrn
258 2924 325 2990 Pu.
348 2921 459 3015 Quam
482 2947 614 2991 caueam
635 2921 791 3017 rapiendi
815 2923 962 2992 habebat
983 2924 1151 3016 impotens

109 3129 131 3162 ι.
145 3109 216 3164 Sino
225 3131 283 3164 meo
293 3116 378 3179 rapui.
389 3112 488 3184 Legunt
500 3111 561 3175 alii,
574 3133 588 3163 e
637 3112 743 3165 linteum
756 3113 951 3177 conversabere;
963 3112 984 3164 ti
996 3131 1044 3184 ego
1056 3112 1106 3166 lane
1115 3111 1152 3184 ju·

75 3195 309 3258 sinunmrapuit.
320 3191 506 3263 Hyperboliee,
517 3191 587 3261 quod
638 3191 705 3244 dicio
724 3192 804 3244 virtut
822 3212 874 3244 ero·
895 3189 1022 3261 QuIsquIs
1039 3209 1080 3256 es,
1102 3190 1151 3243 l'or·

74 3269 154 3322 durno
166 3267 276 3321 sustulit.
291 3268 359 3338 Quia
377 3269 464 3334 locus,
484 3269 527 3321 ubi
541 3289 588 3322 ra·
637 3270 706 3321 mula
719 3281 772 3335 eat,
792 3289 841 3340 qna
854 3269 970 3342 ignotos,
984 3283 1008 3322 et
1020 3289 1085 3342 saepe
1096 3271 1150 3340 qui·

74 3359 130 3419 ptus
141 3367 207 3418 puer
226 3346 253 3399 in
270 3347 380 3401 themate
394 3367 447 3400 non
466 3347 586 3400 additur:
638 3348 696 3400 dem
715 3348 878 3421 contemptim
892 3346 1086 3420 compellabant.
1099 3345 1150 3398 Ob·

73 3425 133 3478 inde
145 3445 195 3478 auo
207 3425 326 3479 arbitratu
344 3427 376 3478 de
389 3447 418 3480 eo
433 3439 512 3499 agunt
523 3426 588 3478 Illae·
637 3426 739 3497 jicietur
758 3426 834 3498 Igitur
853 3426 912 3479 huie
931 3426 1062 3498 ingenuo,
1080 3427 1150 3496 quod

73 3516 148 3558 turea·
166 3503 250 3556 Poteie
267 3523 370 3574 quoqne
386 3524 472 3578 capere
489 3519 586 3578 raptum
637 3504 664 3555 in
689 3523 774 3557 serane
794 3517 831 3556 est
856 3504 1015 3570 convitium,
1030 3505 1152 3575 fugitive.

73 3603 181 3656 puerum
196 3604 226 3636 ex
238 3586 312 3658 patrie
323 3586 384 3638 sinu
399 3598 425 3638 et
437 3587 584 3659 compleam
635 3581 715 3652 quue
737 3581 970 3651 demonstrebitnr,
994 3585 1054 3655 quia
1072 3604 1088 3638 a
1105 3605 1149 3637 no-

73 3675 116 3716 ant
126 3663 190 3716 iude
204 3676 348 3736 sumptum,
362 3664 518 3734 domumque
531 3683 587 3733 per·
635 3679 708 3714 verra
727 3661 845 3715 reductus
864 3676 915 3730 eat,
933 3681 965 3715 ne
985 3663 1027 3716 ari
1044 3663 1148 3730 quidem

73 3739 167 3802 latum,
189 3753 219 3793 ut
240 3752 347 3809 mptum
364 3761 518 3814 exaggerans
539 3741 584 3792 di·
635 3738 785 3792 educatione
805 3752 830 3792 et
847 3760 907 3793 cura
926 3740 1019 3815 dignus
1031 3741 1148 3806 habitus,

73 3829 118 3870 eat.
139 3818 224 3870 Tanto
243 3819 325 3892 magia
345 3819 377 3872 de
398 3821 423 3870 vi
443 3818 510 3870 aetio
527 3820 582 3870 erit.
633 3817 704 3886 quati
713 3854 720 3880 ,
733 3836 781 3870 nec
792 3816 824 3870 de
836 3817 950 3880 fanilla,
965 3837 1011 3870 nec
1021 3819 1149 3890 ingenuus

72 3897 156 3965 Atque
173 3895 201 3948 id
218 3896 295 3948 malo.
314 3897 354 3948 At
371 3896 424 3950 Irae
441 3895 517 3950 verba
536 3893 583 3949 lilii
634 3896 948 3968 aeteulltecquoquecum
959 3893 1149 3968 Ityperboleali·

72 3974 207 4048 respondet
224 3991 299 4028 tenea
316 3987 402 4046 pater:
415 3973 517 4042 «Quod
531 3995 583 4027 aer·
633 3992 708 4042 qnam
722 3973 822 4026 iaciunt
834 3974 977 4026 mixturam.
990 3971 1090 4026 Schutt.

72 4070 130 4103 rare
153 4050 201 4104 tibi
221 4049 326 4104 difficile
345 4063 396 4118 eat,
415 4073 463 4105 avo
483 4054 581 4106 donn.»
665 4049 689 4101 3.
700 4051 802 4104 Mer-nit
810 4054 924 4105 excludi.
935 4051 981 4105 Ille
989 4062 1045 4102 tum
1054 4069 1145 4122 gener,

73 4129 171 4184 Setun.
631 4129 675 4199 qui
687 4129 721 4181 ita
733 4129 897 4203 indiligenter
906 4147 979 4181 auum
992 4125 1144 4199 sangninem

105 4213 280 4273 ndnwerca,
291 4209 581 4280 put'squirea,sugitt've‚
632 4211 750 4264 euttodit.
766 4212 803 4262 Ita
822 4209 898 4262 timul
914 4209 1073 4282 significatur
1089 4207 1145 4262 vim

73 4289 191 4344 reductus
201 4309 238 4343 es.
249 4290 312 4342 line
329 4288 416 4341 audiet
434 4287 464 4341 alt
476 4287 516 4353 iia,
528 4287 581 4360 qui-
632 4311 684 4343 non
698 4309 750 4345 eeae
762 4291 861 4345 saetam
872 4289 972 4344 Schult.
