2894 4784
289 406 354 472 660
605 406 651 470 Μ.
679 403 823 468 ANNAEl
845 401 1022 471 SENECAE

290 533 345 600 tiae
361 531 409 599 vi.
427 529 545 600 Deerit
560 526 685 620 aliquis
703 544 772 596 totu
788 526 871 596 orbe
885 526 978 595 loeus
989 529 1050 621 qui
1066 543 1097 596 te
1107 530 1270 599 victorem
1282 557 1356 601 non

290 644 439 714 viderit?
456 641 627 735 Babylone
645 641 808 726 cluditur,
825 643 879 710 cui
895 645 1003 736 patuit
1016 643 1187 713 Oceanus.

338 799 513 869 DIVISIO.
534 800 575 865 In
595 796 660 865 hac
679 798 827 864 suasoria
842 793 930 863 nihil
941 796 1035 865 eliud
1050 815 1209 868 tractasse
1222 801 1357 868 Fuscurs

291 915 379 998 scio,
401 933 503 1004 quam
527 909 681 992 eusdem,
707 933 791 1000 quas
808 931 910 1002 supra
929 911 1050 996 retuli,
1071 913 1292 1004 quaestiones,
1313 912 1358 981 ad

292 1029 466 1098 scientiam
487 1028 592 1094 futuri
612 1025 834 1119 pertinentes.
855 1005 946 1094 Illud
965 1025 1057 1117 quod
1074 1051 1136 1097 nos
1150 1026 1356 1112 delectavit,

291 1143 469 1238 praeterire
487 1167 556 1212 non
581 1164 729 1234 possum.
769 1139 1031 1209 Declamitabat¹
1053 1141 1174 1210 Fuscus
1197 1143 1359 1210 Aneunrus

292 1262 556 1360 controversiam
576 1257 619 1325 de
642 1255 722 1341 illa,
744 1279 818 1348 quse
833 1271 1050 1347 posteaquam
1067 1273 1120 1324 ter
1136 1271 1287 1324 mortuos
1299 1278 1360 1348 pe·

292 1392 446 1471 pererat,
464 1376 647 1445 somniasse
665 1396 700 1440 se
714 1369 818 1453 dixit,
842 1387 881 1438 ut
898 1373 935 1440 in
948 1371 1025 1441 luco
1038 1388 1188 1466 pareret.
1205 1371 1312 1440 Valde
1325 1373 1359 1438 in

293 1512 353 1558 vos
371 1489 635 1558 contumeliosus
650 1485 766 1552 luero'
775 1532 786 1569 ,
803 1484 831 1551 si
845 1499 947 1553 totam
961 1487 1245 1568 controversiam,
1261 1509 1359 1576 quam

270 1629 359 1698 ,ego
377 1604 530 1696 intelligo
551 1627 605 1672 me
624 1602 761 1688 dicere,
789 1603 911 1670 Fuscus
928 1602 1152 1686 declamaret,
1179 1619 1214 1670 et
1230 1626 1250 1670 a
1268 1616 1360 1695 parte

294 1723 353 1793 asi
363 1743 432 1790 uon
446 1717 661 1813 agnoscentis
672 1738 835 1809 puerum,
851 1732 1010 1786 tractaret
1021 1718 1131 1787 loe'um
1146 1733 1264 1786 contra
1277 1740 1360 1785 som·

295 1835 372 1918 nia,
393 1848 428 1901 et
448 1831 586 1902 deorum
615 1828 877 1923 providentiam,
900 1821 939 1898 ¹et
962 1831 1048 1899 male
1066 1829 1113 1899 de¹
1131 1827 1361 1922 magnitudine

297 1946 437 2016 deorum
456 1939 594 2017 dixisset
616 1946 740 2013 mereri
765 1968 865 2030 eum,
891 1941 949 2037 qui
972 1946 1048 2014 illos
1065 1947 1157 2016 circa
1178 1969 1360 2040 puerperas

298 2051 463 2131 mitteret.
496 2061 642 2131 Summis
668 2059 871 2130 clamoribus
897 2061 981 2128 dixit
1007 2062 1101 2133 illum
1127 2064 1265 2155 Virgilii
1288 2087 1358 2132 rer

248 2195 251 2203 '
299 2199 399 2244 sum:
456 2227 461 2236 .

466 2311 569 2365 Scilicet
578 2313 599 2362 is
608 2309 703 2380 superis
713 2309 787 2366 labor
797 2323 850 2379 est,
862 2331 890 2366 ee
901 2331 960 2366 eure
971 2313 1069 2384 quietos
1088 2314 1091 2324 '

468 2394 686 2448 Sollicitas......

304 2515 448 2586 Auditor
465 2517 565 2585 Fusci
582 2515 738 2609 quidam,
756 2518 853 2608 cujus
870 2477 993 2609 pudori
1011 2541 1113 2610 parco
1123 2566 1136 2603 ,
1156 2543 1259 2610 quum
1279 2519 1358 2586 hanc

305 2635 485 2704 suasoriam
511 2631 553 2700 de
577 2630 766 2734 Alesandro
790 2632 869 2700 ante
891 2635 1037 2701 Fuscum
1064 2633 1212 2717 diceret,
1239 2634 1360 2728 putarit

186 2811 189 2818 ,
304 2770 399 2841 aeque
415 2748 504 2818 belle
518 2750 747 2840 poni-versum
760 2745 934 2835 eumdem,
950 2749 1036 2816 dixit
1052 2777 1061 2817 ι

471 2888 574 2942 Scilicet
584 2889 605 2940 is
615 2889 711 2962 superis
723 2887 794 2942 lebor
805 2901 856 2952 est,
868 2909 896 2942 ee
908 2909 967 2942 cura
978 2887 1075 2960 quietos

470 2972 602 3026 Sollicitat.
611 3009 617 3024 .
626 3009 643 3026 ..
651 3004 672 3024 s.
682 3010 688 3023 .

306 3097 436 3163 Fuscus
446 3090 495 3159 illi
506 3090 554 3158 ait
565 3116 574 3158 ε
586 3091 622 3160 si
635 3091 701 3160 hoc
717 3093 857 3162 dixisses
872 3095 1031 3163 audiente
1045 3093 1251 3178 Alexandro,
1267 3097 1363 3164 scires

309 3208 401 3304 apud
413 3207 593 3300 Virgilium
607 3207 749 3276 stillum
762 3232 894 3277 versum
908 3233 980 3278 esse
995 3235 1002 3274 :

702 3349 799 3421 Capulo
809 3361 880 3412 tenus
891 3349 988 3403 abdidit
998 3370 1092 3406 ensem.

312 3477 352 3542 Et
376 3443 590 3566 quiasoletis
611 3473 694 3540 mihi
713 3470 845 3540 molesti
863 3495 935 3541 esse
949 3471 992 3540 de
1005 3475 1133 3560 Fusco,
1154 3473 1241 3566 quid
1255 3475 1361 3558 luerit,
1409 3514 1411 3520 ·

312 3685 357 3741 pro
375 3664 446 3720 clade
466 3665 548 3730 dixit,
566 3664 611 3720 lib.
633 3664 678 3726 lV,
705 3685 750 3729 ro,
778 3665 818 3718 35.
869 3665 896 3718 in
908 3665 1036 3718 ruborem.
1049 3666 1128 3739 Cujus
1140 3668 1241 3740 generis
1251 3667 1367 3720 nonnulla

350 3764 372 3797 1.
389 3741 593 3796 Declamitobot,
611 3741 700 3795 Scribe
711 3759 718 3794 t
728 3744 820 3802 decla-
869 3743 956 3796 inille
974 3743 1064 3796 Arellii
1082 3745 1157 3798 Fusci
1172 3745 1224 3798 lete
1241 3745 1337 3814 exsequi
1347 3757 1369 3797 et

311 3823 462 3887 minuerat,
481 3839 515 3872 ne
533 3819 596 3890 guid
614 3833 637 3872 te
656 3820 738 3872 turbet
751 3833 820 3894 tept-
868 3819 1008 3873 describere
1024 3839 1076 3873 rem
1093 3823 1214 3886 ornatis,
1228 3836 1370 3876 controver-

312 3901 380 3974 poris
391 3901 462 3952 ratio.
474 3899 572 3953 Schult.
868 3897 905 3948 sie
923 3899 999 3950 luisse
1017 3897 1145 3972 significet
1164 3901 1264 3956 seneca
1281 3919 1369 3975 :gnus

345 3997 366 4030 a.
388 3979 478 4031 Valde
502 3979 529 4029 in
555 3998 602 4032 vos
618 3981 819 4032 contumeliosus
867 3989 965 4046 partem
982 3989 1080 4031 tantum
1093 3979 1161 4033 illins
1177 3981 1229 4034 hue
1246 3981 1371 4054 pertinea-

300 4054 387 4124 suero.
402 4054 621 4110 Contumeliosum
642 4056 711 4109 enim
728 4067 780 4123 est,
797 4054 820 4107 si
867 4067 935 4122 tem,
953 4069 978 4108 et
996 4057 1088 4127 pudori
1105 4056 1219 4113 filiorum
1237 4073 1372 4135 parcentem

308 4134 365 4203 quis
374 4155 401 4188 ee
410 4136 501 4190 retem
510 4135 638 4209 ingenuis,
648 4135 717 4204 upde
729 4133 820 4186 dentur
869 4135 960 4190 reddit.
973 4135 1072 4191 Sclult.
