2874 4768
235 466 647 535 nxcnttPTAcoNTR.
674 472 753 537 LIB.
780 473 851 556 lx,
876 474 908 556 4.
1036 475 1097 542 601

50 612 137 664 ceres
153 610 298 686 tyr-enno
316 593 459 662 satelles.
479 597 546 664 Pro
564 595 696 688 republ.
717 598 846 689 inquit,
868 598 943 666 leci.
962 598 1055 668 Idem
1068 618 1103 669 et

51 708 195 802 reipubl.
218 711 360 800 imputas
381 725 415 776 et
432 725 587 802 tyranno.
609 711 763 780 Habuisti
781 713 872 802 quod
884 714 1029 805 jactares
1048 732 1104 807 ty·
1177 728 1193 754 '⁶
1219 700 1222 706 Δ

54 849 168 915 sunno.
191 826 313 892 Frater
329 823 445 892 maluit
460 827 566 912 mori3
583 827 702 919 periit,
721 850 764 893 ne
778 823 1000 918 'parricidium
1016 830 1106 898 fece-

55 956 120 1026 ret,
146 955 206 1008 sut
229 939 372 1008 videret.
401 941 536 1022 Caesus,
556 941 690 1032 inquit,
720 965 849 1033 poenam
872 941 1016 1012 dimitto.
1036 947 1105 1013 Mi-
1202 947 1205 954 '

55 1076 158 1139 rerer,
177 1055 246 1122 nisi
262 1069 404 1146 protum
422 1053 510 1121 bono
529 1069 624 1147 patre
647 1055 782 1137 fuisset,
809 1059 868 1147 qui
886 1059 971 1124 mori
992 1059 1103 1127 vellet.

55 1169 166 1251 Pater,
192 1171 322 1259 inquit,
342 1169 449 1236 voluit
461 1163 552 1255 ‚sed
573 1153 681 1238 ¹lruter
702 1170 823 1237 noluit.
842 1174 954 1254 Pater,
976 1173 1106 1266 inquit,

57 1281 168 1349 voluit.
190 1284 243 1349 Ita
257 1295 293 1350 tu
307 1306 375 1352 non
390 1297 518 1351 tantum
533 1299 688 1376 tyranno,
704 1283 872 1352 sedetiam
888 1288 975 1378 patri
986 1285 1109 1380 dignus

58 1397 144 1463 risus
166 1421 202 1465 es
227 1397 423 1491 parricidio.
450 1398 611 1467 Cecidisti
632 1415 782 1492 patrem,
815 1426 917 1492 quum
943 1418 978 1470 et
997 1385 1107 1493 legem

61 1534 188 1596 nosses,
211 1528 245 1580 et
262 1514 410 1580 fratrem.
785 1512 789 1521 ’

104 1672 270 1740 EXTRA.
296 1673 348 1740 Ab
368 1673 479 1764 Oppio
501 1675 717 1765 proconsule,
742 1701 819 1744 cum
836 1702 903 1767 quo
926 1679 962 1744 in
977 1678 1109 1747 Cretum

64 1787 189 1854 Sturnos
206 1789 313 1870 ierst,
340 1788 376 1854 in
398 1788 528 1855 tlreatro
545 1791 656 1858 Graeci
672 1790 841 1882 postulare
861 1808 1052 1884 coeperant,
1076 1808 1113 1860 ut

65 1901 198 1972 Sabinus
214 1905 395 1972 marimum
409 1905 638 1996 magistratum
654 1923 799 1998 gereret.
816 1911 891 1975 Mos
906 1925 1017 1976 autem
1038 1925 1108 1990 est,

64 2013 193 2085 herbam
213 2034 249 2086 et
266 2017 403 2110 capillos
429 2020 638 2112 magistratui
665 2021 875 2089 Cretensium
902 2019 1110 2090 submittere.

68 2131 218 2201 Surrexit
240 2133 402 2219 Sabinus,
431 2148 465 2204 et
495 2134 628 2202 silentio
651 2157 751 2202 manu
783 2136 890 2219 lucto,
917 2138 1015 2203 Hunc
1043 2160 1115 2204 mu-

69 2245 255 2335 gistratum,
281 2250 412 2341 inquit,
441 2272 503 2342 ego
525 2249 715 2340 Romus-bis
739 2251 839 2343 gessi.
861 2250 916 2317 Bis
933 2241 1022 2317 enim
1038 2273 1115 2318 reus

70 2382 190 2432 causum
209 2365 352 2432 dixerat.
373 2364 481 2433 Graeci
500 2388 568 2432 non
583 2364 837 2448 intellexerunt,
858 2362 917 2431 sed
931 2362 1019 2460 bene
1035 2388 1116 2458 pre-

71 2480 128 2546 csti
143 2482 267 2550 Caesnri
276 2531 288 2567 ,
309 2481 494 2574 petebant„
508 2494 545 2546 ut
564 2479 659 2547 illum
677 2480 840 2548 honorem
855 2477 999 2548 Sabinus
1016 2483 1115 2549 tertio

71 2611 206 2682 gereret.
222 2596 320 2665 Idem
335 2595 439 2689 quum
451 2619 530 2664 rcus
544 2611 697 2688 rogaret,
713 2596 800 2662 utin
815 2594 990 2662 lautumias
1007 2611 1116 2664 truns-

71 2705 205 2778 ferretur
221 2739 231 2779 :
249 2715 324 2779 Non
337 2727 406 2794 est,
423 2711 533 2802 inquit
542 2760 553 2795 ,
573 2708 667 2802 quod.
677 2734 878 2802 quemquam
892 2727 1039 2793 vestrum
1052 2710 1115 2780 de-

73 2823 167 2913 cipiet
193 2850 318 2894 nomen
342 2825 508 2892 lautumiae
526 2851 533 2891 :
552 2824 610 2891 illa
633 2827 743 2892 animo
765 2849 839 2893 meo
865 2825 956 2912 lenta
978 2849 1032 2894 res
1053 2841 1113 2893 est.

74 2937 244 3010 locabitur
266 2943 303 3008 in
323 2935 468 3008 miseriis
490 2963 528 3006 nc
547 2939 707 3032 periculis
721 2942 810 3024 suis,
829 2942 865 3008 in
880 2939 1003 3032 quibus
1011 2939 1119 3031 jocari

75 3071 143 3122 eum
160 3067 234 3125 non'
248 3053 419 3136 debuisse,
440 3055 516 3143 quis
530 3055 660 3121 nescit?
677 3055 842 3147 potuisse,
860 3056 936 3145 quis
951 3052 1083 3123 credit?
1179 3122 1182 3128 .
