2874 4796
253 501 256 508 Δ
291 432 956 514 EXCERPTACONTR.L15.11,4.
1102 432 1164 522 487

95 607 1171 650 Μ

359 723 788 837 ouonauurro'
816 749 898 836 lv.

237 963 377 1012 NEPOS
404 961 455 1009 EX
482 961 743 1010 ununrutcu
769 961 1030 1011 susceptus.

94 1106 216 1168 Tarus.
237 1104 389 1167 Abdicauit
400 1106 514 1188 quedam
521 1103 631 1187 filium.
650 1101 806 1168 Abdicatus
820 1129 849 1167 sc
862 1107 978 1168 contudit
993 1107 1033 1166 ad
1044 1103 1176 1166 meretn'-

140 1231 219 1281 cem,
235 1215 264 1266 et
273 1229 310 1266 eu
323 1229 358 1266 ea
372 1203 483 1266 sustulit
482 1201 581 1286 filium
592 1229 604 1278 ;
618 1227 695 1286 aegcr
707 1206 747 1264 ad
757 1217 867 1286 patrem
881 1207 979 1280 misi&
992 1227 1075 1288 quum
1086 1205 1177 1264 υεηίε-

139 1317 198 1376 set,
217 1306 420 1366 commendarit
432 1302 580 1386 tifilam,
595 1313 624 1364 et
635 1305 761 1364 decessit.
781 1301 869 1364 Pater
885 1316 948 1385 post
966 1313 1082 1363 mortem
1102 1302 1178 1361 illius

140 1410 170 1467 in
180 1407 356 1485 adopnbuem
368 1406 470 1485 reecpit
480 1392 618 1485 nepotata.
631 1402 791 1466 Accusatur
800 1405 837 1463 ab
850 1405 938 1465 altero
945 1401 1010 1484 filio
1018 1401 1175 1464 dementia.

146 1506 181 1567 C.
200 1506 239 1565 D.

458 1632 816 1700 (monumnenta.)

150 1765 459 1845 DECLAMATIO.
481 1773 660 1840 Dementia
678 1772 714 1839 in
732 1796 786 1838 me
803 1772 885 1840 novi
906 1773 1042 1866 generis
1058 1776 1177 1868 argui-

101 1907 160 1958 tur
185 1916 194 1956 :
218 1913 319 1958 sanus
340 1891 476 1972 eram¹‚
498 1887 527 1954 si
545 1911 613 1955 nou
630 1911 849 1981 agnoscerem
870 1912 974 1957 meos.
993 1873 1182 1982 Exspecta-⁴·

101 2005 204 2088 bain,
234 2023 272 2073 ut
296 2005 421 2096 aliquia
447 2027 509 2097 pro
538 2001 693 2071 abdicato
721 2020 870 2097 rogaret.
905 2005 1012 2072 Nemo
1038 2003 1183 2074 audebat

102 2125 398 2218 propinquorum,
426 2121 531 2189 fratre
556 2138 721 2190 cessante.
751 2121 952 2191 Deficientis
976 2121 1118 2216 spiritus
1142 2125 1179 2190 in

103 2235 291 2306 adventum
318 2259 429 2304 meum
458 2234 702 2303 sustinebatur.
733 2237 863 2304 Intravi
895 2263 901 2304 :
924 2236 996 2330 jam
1022 2236 1183 2305 cadentes

105 2350 224 2423 oeulos
250 2353 294 2422 ad
321 2373 445 2420 nomen
470 2373 580 2420 meum
607 2352 733 2432 erexit,
761 2352 1016 2444 fugientemque
1037 2354 1183 2422 animam

105 2471 261 2541 retinuit.
290 2471 332 2538 ln
358 2469 436 2538 sinu
461 2492 535 2537 meo
563 2483 597 2536 et
623 2468 750 2552 filiurn,
777 2481 811 2535 et
834 2469 982 2537 animam
1009 2467 1178 2564 deposuit.

105 2589 306 2658 Nuntiatum
332 2604 383 2657 est
407 2585 512 2670 mihi,
545 2587 581 2652 in
604 2583 730 2691 ultimis
750 2609 823 2653 esse
848 2585 956 2653 filium
975 2612 984 2652 ι
1002 2610 1065 2656 nee
1082 2589 1183 2657 hoca

108 2705 249 2775 iratre².

157 2873 269 2944 PARS
288 2871 480 2942 ALTERA.
500 2871 600 2940 Pater
620 2870 716 2939 istius
738 2870 889 2938 insertus
911 2884 984 2956 est3
1004 2869 1184 2941 benenom

108 2993 184 3084 ipso
201 3002 376 3083 ageretur,
396 2988 424 3054 si
443 3002 477 3054 et
501 3001 621 3056 mater.
645 2985 772 3056 Incidit
790 2988 826 3054 in
844 2987 1077 3071 meretricem,
1095 2987 1187 3054 inter

110 3123 234 3174 caetera
250 3103 371 3172 maiam
384 3120 419 3170 et
433 3102 633 3172 foecundm.
656 3103 795 3186 Mulier,
818 3105 933 3171 nescio
947 3101 1110 3174 adversus
1123 3117 1187 3195 pa-

97 3241 197 3292 ·trem
207 3223 408 3316 injuriosior
418 3221 477 3306 sis,
489 3219 582 3312 quod
592 3219 760 3288 abstulisti
774 3219 826 3288 illi
835 3217 1019 3304 haeredem,
1036 3242 1080 3290 an
1093 3219 1187 3312 qnod

110 3336 251 3406 dedisti.
278 3335 461 3429 Adoptauit
483 3334 557 3427 ejus
578 3329 721 3419 filium³‚
749 3349 891 3428 propter
915 3359 1015 3426 quam
1039 3337 1187 3427 ejecerat

112 3478 225 3524 sunm.

148 3639 169 3672 ι.
181 3617 273 3673 Sanus
287 3637 370 3671 eram.
383 3617 460 3671 Frob·
479 3635 561 3671 sunus
575 3635 622 3670 es·
671 3616 785 3680 asmtre
801 3613 920 3668 exhibent
937 3611 997 3668 iibri
1014 3615 1073 3669 duo.
1089 3613 1185 3672 Scitote.

113 3717 175 3752 sem.
705 3693 1188 3765 3.Adoptuoitejusfiiium‚Adaptari

147 3796 170 3827 a.
178 3775 232 3830 Nec
241 3773 412 3842 hocasratre.
423 3773 625 3841 Nehacquidem
674 3775 827 3844 ejusfilium
838 3785 887 3826 tres
899 3773 955 3826 cod.
969 3771 1066 3828 Sama.

511 3991 794 4023 m--floe--m
