2866 4814
335 459 379 546 9ss
657 453 703 518 u.
731 451 874 519 ANNAEI
899 452 1079 520 sennen

333 581 531 674 suepicioni.
559 581 634 648 Non
659 580 750 649 enim
772 581 902 672 potitur
923 577 1035 647 adhuc
1059 579 1220 672 virgine:
1248 596 1284 649 et
1308 581 1404 650 multe

333 710 411 764 eunt
424 709 563 789 propter
577 691 669 786 quod
687 694 852 762 credibile
866 695 934 779 eit,
954 717 1024 762 non
1048 717 1134 763 eece.
1159 693 1254 763 Illud
1266 695 1405 789 adjicie-

331 813 391 880 bat
408 839 415 878 :
437 813 617 904 Denique,
633 789 774 879 etiamsi
794 834 864 879 non
879 809 1024 880 effecero
1039 861 1049 894 ,
1066 827 1104 880 ut
1116 811 1261 880 credant
1273 811 1403 906 judices

332 953 402 997 non
421 950 494 995 ecoe
512 926 699 1017 virginem3
726 947 915 1017 consequar
929 939 1064 1011 tumen,
1087 941 1126 994 ut
1137 950 1206 994 nou
1220 942 1344 1021 putent
1355 927 1402 994 di·

332 1066 432 1137 gnum
458 1039 665 1124 sacerdotio,
686 1041 729 1108 de
748 1064 814 1132 qua
844 1039 994 1108 dubitari
1015 1057 1147 1133 potest,
1166 1066 1210 1110 un
1231 1043 1331 1134 virgo
1347 1044 1397 1109 eit.

333 1143 387 1226 An
404 1180 492 1250 pure
508 1159 567 1239 eit,
595 1157 631 1223 in
647 1154 718 1224 haec
736 1153 862 1223 divisit.
893 1153 946 1223 An
973 1157 1073 1224 etiem
1093 1157 1121 1224 ei
1140 1158 1265 1225 merito
1284 1155 1399 1224 occidit

332 1275 524 1359 hominem,
546 1297 633 1365 pure
657 1288 770 1341 tamen
796 1273 926 1341 nonsit
951 1269 1135 1342 homicidio
1155 1276 1394 1365 coinquinata:

331 1390 475 1474 deinde,
496 1389 550 1458 An
566 1391 687 1458 merito
707 1387 871 1458 occiderit
898 1386 1069 1456 hominem
1098 1390 1335 1474 innocentem,
1352 1390 1396 1456 uti

328 1529 470 1599 corpore
494 1506 674 1598 prostituto
697 1502 879 1572 volentem.
897 1502 1059 1572 Absoluta
1076 1520 1127 1572 eet
1137 1554 1147 1589 ,
1165 1503 1317 1573 ostendit
1334 1528 1393 1572 non

327 1643 446 1712 purum
464 1641 557 1698 esse,
578 1615 638 1684 sed
655 1629 772 1684 tutam.
801 1620 854 1685 An
881 1614 1005 1684 idonee
1033 1618 1096 1702 eit,
1115 1619 1161 1683 rin
1181 1618 1393 1685 tractationes

326 1756 410 1824 quac
428 1733 573 1823 quisque
587 1729 659 1797 vult
674 1728 791 1798 divicit
809 1756 816 1795 ι
834 1727 887 1797 An
903 1728 1025 1796 idonea
1041 1731 1085 1797 cit
1096 1765 1098 1770 .
1109 1746 1176 1796 turn
1204 1729 1344 1813 infelix,
1360 1743 1392 1794 ut

323 1860 516 1939 caperetur,
532 1861 571 1912 nt
584 1846 714 1912 veniret
733 1845 846 1914 lenoni
864 1845 1094 1936 potissimum,
1116 1860 1155 1912 ut
1173 1845 1391 1936 prostituere-

323 1980 392 2042 tur,
412 1960 570 2030 occidere
584 1961 755 2028 hominem
774 1977 966 2055 cogeretur,
988 1976 1026 2028 ut
1044 1984 1178 2028 caueam
1196 1959 1339 2028 diceret.

373 2076 508 2144 Curemus
525 2075 627 2141 otiam
645 2073 745 2141 ultius
761 2075 869 2166 petit,
898 2090 932 2141 et
956 2073 1100 2166 objicit,
1121 2073 1216 2164 quod
1237 2088 1303 2140 tem
1322 2069 1388 2138 ville

324 2192 393 2259 aule
411 2190 549 2272 minet,
569 2205 690 2257 utnon
709 2190 947 2257 redimeretur.

372 2306 452 2374 Suo
467 2307 634 2373 Pomrnros
645 2302 725 2372 dum
736 2319 943 2396 praeeeptum
957 2305 1125 2394 requitur,
1141 2327 1209 2397 quo
1219 2303 1380 2398 jubemur,

323 2436 362 2488 ut
378 2421 536 2512 quotiens
550 2441 748 2511 poscumus,
778 2419 822 2486 de
845 2418 1001 2486 omnibus
1018 2419 1104 2512 legio
1122 2420 1238 2488 verbio
1256 2433 1384 2488 contro-

324 2540 469 2607 veroium
479 2537 651 2620 faciamus,
661 2536 752 2604 illem
762 2537 978 2629 quaestionem
988 2539 1105 2620 movit,
1120 2537 1257 2606 Castae
1273 2537 1380 2605 Cosu's.

330 2657 416 2740 Lex,
432 2654 566 2746 lnquit,
580 2679 600 2720 e
617 2653 724 2721 Castis
735 2677 840 2744 quum
856 2652 959 2737 dicit,
973 2650 1039 2719 hoc
1053 2676 1121 2721 non
1132 2669 1262 2721 tautum
1276 2649 1317 2720 ad
1330 2672 1382 2742 pu·

215 2801 223 2812 ·
325 2787 437 2839 rentes
450 2771 578 2854 refert,
599 2768 659 2836 eed
672 2769 713 2835 ad
728 2793 844 2837 omnee
859 2768 1059 2860 quibuscum
1070 2787 1201 2838 versatu
1215 2787 1269 2838 est
1280 2770 1378 2859 virgo.

320 2897 396 2961 Non
416 2895 505 2962 enim
523 2891 663 2984 adjicit,
684 2917 704 2958 e
725 2891 832 2960 Castis
857 2893 1077 2961 Parentibus:
1101 2893 1182 2973 sed,
1212 2921 1235 2961 e
1262 2892 1378 2967 Casu's5

320 3007 394 3074 vult
406 3007 482 3074 illos
499 3031 519 3075 a
536 3006 771 3099 qmbue,virgo
786 3010 881 3077 venit
890 3058 901 3094 ,
920 3026 1027 3077 coetos
1042 3033 1127 3078 etse.
1141 3011 1321 3104 Intelligo,
1336 3007 1378 3072 in·

320 3123 414 3213 quit,
433 3122 497 3189 cub
517 3122 583 3189 hoc
597 3122 701 3190 verbo
718 3122 835 3191 multo.
851 3125 960 3192 Caelio
972 3149 1076 3215 quum
1092 3123 1176 3195 dicit
1188 3123 1357 3220 penatibus
1363 3166 1373 3200 ,

318 3255 354 3304 tu
383 3261 423 3305 ex
446 3239 585 3308 incestis
611 3240 727 3325 renis,
756 3239 910 3333 intelligo
937 3243 1035 3310 cestio
1060 3242 1273 3336 disciplinis,
1293 3257 1373 3307 tue¹
1400 3259 1402 3318 ἡ

321 3353 687 3425 obeooenieeimievenie
699 3385 709 3442 3
723 3355 806 3448 quid
820 3359 916 3428 enim,
924 3356 1097 3428 didicisti?
1111 3365 1153 3428 Et
1166 3372 1372 3453 quecumque
1398 3319 1402 3444 l

316 3470 474 3539 hocloco
493 3470 561 3539 dici
577 3485 746 3566 poterent.
772 3465 868 3540 Idem
884 3489 917 3540 et
937 3474 972 3539 in
997 3475 1057 3542 illa
1083 3491 1179 3568 purte
1198 3475 1278 3546 fecit
1292 3471 1371 3538 Pura
1396 3475 1400 3578 Ι

316 3609 336 3649 e
350 3585 460 3651 Puris.
1389 3585 1398 3641 ι]

363 3701 456 3766 llrer.
481 3701 640 3767 Romus
660 3704 866 3771 accusatorie
889 3725 969 3770 usuc
994 3706 1229 3798 pugnacitate,
1249 3694 1369 3794 negavil
1394 3623 1398 3750 l

310 3901 408 3970 vitiosi.
422 3915 459 3968 At
475 3913 646 3987 Apollodorus
662 3929 738 3988 negat
752 3935 821 3981 eme;
870 3921 1033 3976 uituradhuc
1039 3927 1249 3991 vigesumum
1260 3923 1366 3978 ,melo

308 3997 441 4052 nonenim
450 3995 665 4069 punirirgiuem,
678 3996 823 4067 aedquaeri.
871 4009 895 4049 et
919 4017 979 4052 tane
1005 3999 1032 4051 in
1060 3999 1171 4052 themue
1198 3999 1286 4055 dicitur
1304 3990 1365 4060 vlt?

198 4139 199 4143 Ἰ
308 4075 395 4143 Quare
407 4075 458 4148 legi
470 4073 561 4148 polerit
571 4091 578 4126 ι
587 4078 636 4128 sed
649 4075 691 4127 hu
703 4095 755 4128 nou
770 4095 821 4144 rep.
871 4089 968 4149 empta,
988 4075 1033 4129 ced
1054 4096 1107 4130 uon
1126 4077 1199 4151 virgo
1220 4099 1249 4132 er
1264 4059 1363 4146 lupuli·i

306 4151 755 4220 mr.lue·csusp1'cioni.lvonem·m
763 4173 818 4220 po-
871 4154 984 4208 evcoime.
994 4157 1030 4208 Ν.
1042 4155 1138 4208 Faber.
