2874 4808
258 457 691 527 conraovnasrlnnu
709 459 795 528 na.
813 460 880 546 tv,
907 465 959 529 ιι.
1077 465 1143 532 355

93 585 177 654 nale.
203 583 354 654 Verbera
374 607 382 646 ι
405 583 467 652 sed
496 585 577 653 vide
602 608 646 654 ne
667 588 773 680 virgas
792 603 856 658 tuse
879 587 1000 681 pocula
1025 607 1139 664 nostra

91 700 278 770 disturbent.
305 699 503 794 Despolia¹3
522 703 699 785 meretrix,
722 704 877 796 agnoscis
890 705 956 772 hoo
973 705 1141 774 verbum?

90 833 169 885 octe
185 817 361 910 provincia
379 818 544 910 agnoscit.

128 935 202 1002 Suo
220 935 408 1016 Porrsnrns,
435 933 536 1002 bomo
556 935 615 1025 qui
629 932 760 1024 judicio
777 936 998 1022 censebatur,
1019 940 1142 1032 etipse

87 1047 124 1116 ad
141 1051 225 1119 banc
246 1048 511 1141 descriptionem
535 1049 701 1138 accessit,
726 1050 903 1119 minimum
925 1068 1039 1122 tamen
1063 1057 1142 1124 mali
1210 1095 1215 1104 ·

86 1159 169 1230 lecit.
183 1162 240 1248 dit
255 1189 263 1229 :
276 1160 531 1248 Animadverte,
549 1163 736 1228 meretrix².
753 1164 825 1254 Age
840 1164 928 1256 lege.
944 1166 1142 1259 Quidquam

85 1274 166 1344 caim
183 1275 258 1367 lege
276 1273 336 1342 bic
348 1275 486 1366 agitur?

125 1392 285 1460 lberarns
310 1389 396 1459 dixit
420 1417 428 1457 :
452 1389 526 1484 Age
544 1389 620 1483 lege
645 1418 652 1457 :
676 1391 897 1471 ubidicitur,
923 1392 1139 1467 Flaminiae:

83 1507 240 1576 riveriae
257 1508 454 1590 meretrice,
471 1529 565 1575 ooena
583 1509 657 1576 sine
674 1509 847 1576 carnifice.

124 1624 372 1706 decursurus,
398 1622 435 1690 in
456 1645 532 1715 quae
555 1622 683 1693 solebat
700 1624 867 1693 schemata
878 1675 889 1710 ,
910 1627 1140 1696 tractationem

82 1739 348 1810 violentissimam
362 1739 477 1832 fregit.
493 1740 566 1831 Age
580 1737 656 1833 lege
671 1765 678 1805 :
693 1743 771 1824 scis,
791 1743 912 1832 inquit,
931 1740 1013 1832 quid
1028 1743 1144 1811 dicat?

81 1856 223 1926 interdiu
251 1879 339 1951 age,
365 1856 402 1924 in
430 1853 504 1924 foro
531 1878 606 1946 age.
638 1856 758 1949 Stupet
781 1855 899 1942 lictor,
920 1853 1009 1926 idern
1031 1857 1138 1944 dicit,

80 1971 166 2062 qnod
182 1973 343 2040 meretrix
360 1988 418 2039 tua
435 1996 444 2038 ι
460 1972 526 2039 boc
543 1994 717 2063 nunquam
737 1996 772 2040 se
788 1971 926 2042 vidisse.

122 2089 303 2155 Moeranus
321 2089 489 2154 Vos-sanus
505 2083 590 2152 dixit
606 2085 856 2155 :Percussurus
876 2087 976 2155 lictor
994 2088 1142 2181 adpra-
1175 2133 1176 2136 =
1229 2155 1232 2162 ,

77 2217 178 2272 torem
197 2205 368 2299 respexit,
387 2218 513 2295 pretor
528 2201 572 2269 ad
588 2204 812 2272 meretricem.

121 2323 232 2389 erns
249 2321 383 2390 Gaurus
399 2316 484 2388 dixit
500 2343 508 2383 ι
524 2319 651 2387 Lictori
660 2369 671 2403 ,
695 2321 775 2411 quia
796 2319 883 2388 bene
901 2339 1134 2413 percusserat,

75 2439 289 2530 propinatum
306 2452 369 2505 est.

117 2550 210 2620 lllnd
227 2549 321 2643 quod
342 2567 499 2644 tanquam
521 2555 677 2622 Latronis
696 2550 952 2635 circumfertur,
978 2575 1045 2620 non
1064 2577 1136 2622 esse

73 2669 245 2746 latronis,
272 2691 334 2761 pro
358 2670 549 2738 testimonio
571 2669 666 2754 dico,
690 2683 724 2736 et
742 2671 922 2736 Latronem
935 2693 955 2736 a
969 2671 1135 2738 sententia

74 2786 184 2878 inepte
208 2784 412 2854 tumultuosa
433 2782 588 2869 vindico,
616 2785 688 2877 ipse
717 2784 806 2850 enim
830 2781 945 2850 audivi
969 2782 1131 2866 Florum,

72 2896 246 2991 quemdam
266 2896 455 2968 auditorem
474 2899 643 2981 Latronis,
663 2895 853 2978 dicentem,
873 2918 941 2962 non
956 2894 1048 2990 apud
1065 2900 1144 2966 La·-

72 3028 200 3083 tronem
219 3040 228 3080 ι
244 3013 464 3106 nequeenim
480 3012 531 3080 illi
552 3035 623 3080 mos
640 3028 732 3097 erat,
753 3033 1001 3106 quemcumque
1013 3012 1134 3083 audire

71 3129 331 3217 &clamantem
349 3129 559 3200 declamabat
576 3131 649 3221 ipse
668 3144 812 3209 tantum,
831 3144 865 3195 et
877 3129 989 3196 aiebat
1007 3153 1045 3196 se
1062 3153 1134 3198 non

71 3268 140 3314 csse
164 3246 384 3340 magistrum,
407 3245 467 3314 sed
486 3245 688 3337 exemplum.
710 3247 781 3312 Nec
798 3243 859 3312 ulli
876 3243 935 3312 alii
951 3246 1132 3337 contigisse

70 3364 148 3446 scio,
166 3385 268 3455 quam
281 3362 374 3457 apud
385 3363 524 3432 Grecos
535 3361 674 3445 Nicetis,
687 3358 780 3452 apud
788 3363 957 3429 Romanos
969 3364 1129 3444 Latroni,

101 3549 307 3619 aflespos'mm
319 3547 439 3621 ambiguo
448 3548 522 3602 ludit.
532 3547 576 3599 En
627 3567 694 3611 esse,
725 3548 786 3600 dnm
816 3546 991 3620 proconsulem
1018 3547 1134 3602 exhaurit

69 3626 133 3680 esim
143 3639 170 3681 et
181 3625 337 3692 amantium,
349 3636 373 3680 et
383 3625 577 3690 Praetorem,li·
593 3661 598 3669 -
626 3625 739 3697 quotidie
760 3625 890 3690 meretrix,
914 3625 984 3697 isque
1005 3639 1134 3700 suppetere

69 3705 577 3776 doreminreumanimadvertereinben·
627 3704 690 3757 datis
700 3703 770 3769 vult,
789 3717 812 3756 et
829 3705 945 3758 meretrix
956 3717 1076 3774 praterea
1088 3706 1134 3756 in-

69 3783 146 3850 tium,
166 3785 276 3838 Nudare
286 3795 312 3836 et
330 3781 459 3852 Spoliare.
478 3782 576 3837 Sobott.
626 3781 698 3834 terim
714 3779 824 3834 inculcat
844 3781 906 3834 illud
927 3782 966 3835 sui
983 3781 1084 3857 ingenii
1110 3793 1134 3832 ct

68 3864 205 3916 -Tereot
217 3861 352 3935 Hecyrsl,
366 3879 376 3912 ι
388 3861 419 3926 ‚b
430 3879 436 3914 :
446 3860 574 3932 s...Qnin
626 3859 780 3933 discipline,
793 3863 917 3928 despotia.
930 3863 1026 3915 Sedult.
1149 3927 1151 3932 Ι

68 3941 171 4030 spolies,
181 3940 299 4006 mutiles,
308 3939 400 3992 laceres
408 3957 575 4011 ,quemquem
658 3940 892 4005 ι.Αιιιίιιιιι1νιιΙι,
905 3943 1039 3992 meretrs'oe.
1046 3935 1131 3988 Verba

69 4017 209 4071 nactasiw
220 3979 299 4086 Quod
307 4017 434 4087 sequitur:
441 4027 577 4086 cedepso-
624 4029 682 4068 sunt
695 4017 813 4071 Praetoris
834 4015 990 4069 meretricem
1012 4025 1131 4066 attentam

69 4099 149 4150 sitses'c
160 4099 293 4188 agnoscit,
310 4095 455 4168 iteaccipe.
469 4096 576 4170 prosin-
625 4095 817 4169 adsuppliciutn
812 4093 909 4148 ιιιιιιΙΙ
911 4092 970 4156 ntis,
981 4092 1132 4165 vulgataque

69 4173 131 4227 dam
156 4175 250 4248 rapinis
277 4174 433 4248 proconsulis
463 4187 574 4229 vexatam
625 4174 858 4228 sormulalictorem
874 4183 1000 4245 percutere
1013 4169 1132 4242 jubentis.
