2874 4796
289 448 354 514 500
528 499 532 508 .
615 443 662 508 Μ.
688 437 832 508 ANNAEI
854 440 1034 524 SENECAE

289 571 420 640 dilectu
435 570 584 640 umbrae'
618 591 782 662 corpora,
807 567 871 636 sub
896 567 955 637 dio
982 585 1071 638 stare
1095 593 1166 640 non
1193 593 1352 666 possunt,

287 713 356 758 uon
375 689 519 757 imbrem
540 687 630 755 ferre
640 735 652 771 ,
669 708 740 753 non
761 683 866 752 solem
884 687 997 754 sciunt
1014 716 1022 757 :
1039 687 1094 756 vix
1111 713 1147 758 se
1162 691 1352 761 inveniunt.

287 805 524 876 Adeuevetuut
537 803 629 873 enirn
642 787 708 870 suo'
717 801 861 870 arbitrio
875 798 993 871 diserti
1010 827 1096 874 esse.
1111 809 1190 876 Nou
1205 823 1258 877 est
1272 809 1358 902 quod

287 939 453 992 oratorem
480 923 517 990 iu
540 921 605 989 hac
626 919 750 1013 puerili
779 919 1018 989 exercitatione
1041 939 1188 1015 spectes.
1216 925 1314 1019 Quid
1335 929 1358 996 si

287 1040 371 1108 velia
386 1039 647 1132 gubernatorem
672 1037 708 1103 in
728 1035 859 1128 piscina
879 1036 1071 1106 aestimare?
1090 1039 1361 1133 Diligentissima

287 1156 349 1224 tibi
368 1180 421 1224 me
443 1177 656 1235 excusarem,
678 1167 837 1244 tunquam
854 1150 938 1219 huic
958 1153 1008 1221 rei
1028 1179 1096 1222 non
1112 1179 1222 1225 essem
1241 1177 1358 1228 natus:

288 1277 355 1344 uisi
373 1264 494 1344 scirem
518 1287 553 1341 et
576 1271 762 1341 Pollionem
785 1270 958 1354 Asinium,
983 1287 1017 1339 et
1035 1274 1228 1344 Messallam
1245 1279 1364 1348 Corvi·

287 1417 390 1473 uum,
413 1407 448 1459 et
465 1390 682 1474 Passienum,
708 1388 766 1478 qui
791 1408 884 1454 nuuc
904 1389 1014 1480 primo
1039 1389 1113 1458 loco
1140 1407 1227 1477 stet,
1256 1397 1363 1464 minus

290 1507 378 1578 bene
394 1505 523 1592 videri,
544 1527 643 1597 quam
667 1502 836 1587 Cestium,
855 1518 914 1571 aut
926 1506 1121 1576 Latronem.
1140 1511 1269 1578 Utrum
1285 1537 1363 1607 ergo

290 1639 406 1716 putas,
431 1621 499 1689 boc
520 1619 703 1688 dicentium
727 1619 847 1700 vitium
867 1643 961 1704 esse,
978 1643 1022 1688 an
1035 1623 1252 1694 audientium
1266 1629 1364 1696 i’Non

290 1739 342 1806 illi
359 1738 458 1831 pejus
476 1737 595 1806 dicunt
604 1786 616 1820 ‚
638 1733 698 1804 sed
712 1735 748 1802 hi
763 1731 958 1829 corruptius
968 1736 1138 1829 judicant.
1155 1745 1266 1812 Pueri
1283 1745 1362 1830 fere,

287 1851 519 1942 autjuvenes,
534 1849 666 1918 scholas
689 1850 918 1941 frequentant.
940 1850 983 1918 tti
1005 1876 1074 1920 non
1099 1869 1231 1924 tautum
1253 1857 1367 1926 diserh

286 1965 425 2036 tissimis
438 1963 532 2046 viris,
549 1984 636 2056 quos
649 1963 751 2056 paulo
765 1978 844 2032 ante
857 1964 980 2052 retuli,
997 1967 1172 2036 sedetiam
1187 1973 1365 2040 ²Ciceroni

289 2083 438 2153 Cestium
455 2103 552 2149 suum
570 2079 770 2172 praeferrent
784 2074 811 2163 ³,
825 2081 902 2148 ¹nisi
928 2079 1060 2174 lapides
1084 2087 1261 2156 timerent.
1290 2089 1367 2182 Quo

289 2216 401 2266 tamen
425 2218 495 2266 uno
517 2195 618 2265 modo
642 2213 802 2289 possunt,
831 2196 1031 2288 preferant.
1056 2202 1165 2293 Hujus
1184 2204 1281 2272 enim
1307 2205 1368 2272 de-

291 2315 508 2384 clamationes
532 2311 701 2382 ediscunt.
727 2313 824 2381 Illius
847 2313 1015 2383 orationes
1039 2339 1107 2384 non
1132 2317 1274 2411 legunt,
1303 2323 1367 2389 uisi

291 2456 350 2501 eas
366 2432 489 2525 quibus
504 2432 637 2500 Cestius
657 2431 847 2522 rescripsit.
868 2432 1010 2500 Memini
1038 2457 1091 2500 me
1113 2435 1246 2505 intrare
1268 2441 1371 2507 scho-

292 2551 341 2618 las
358 2577 366 2616 ε
383 2571 486 2640 quum
498 2549 703 2615 recitaturus
714 2561 801 2615 esset
817 2547 854 2614 in
866 2546 1028 2616 Milonem
1044 2547 1211 2636 Cestius⁴‚
1228 2577 1268 2622 ex
1284 2581 1368 2624 con·

291 2663 471 2733 suetudine
487 2684 546 2730 aua
566 2663 706 2730 miratus
726 2659 861 2729 dicebat
879 2662 936 2729 :Si
959 2663 1076 2731 Thrax
1092 2687 1198 2733 essem
1214 2719 1223 2746 ‚
1241 2671 1369 2739 Fusius

292 2803 423 2863 essem3
444 2779 472 2846 si
491 2777 723 2845 Pantomimus
737 2800 864 2854 essem,
880 2776 1030 2870 Bstyllus
1044 2804 1171 2870 essem3
1189 2785 1219 2851 si
1233 2810 1364 2878 equus,

294 2895 457 2962 Melissio.
482 2893 559 2961 Non
584 2881 881 2978 conducibilem,
910 2889 1118 2966 exclamavi:
1135 2902 1178 2968 Et
1198 2903 1228 2968 si
1253 2901 1370 2973 cloaca

219 3098 222 3106 ’
294 3109 327 3142 ne
340 3090 371 3142 tle
387 3089 441 3159 ipso
456 3087 525 3160 leget
537 3087 604 3158 apud
613 3085 804 3158 Quintilianum
854 3107 943 3142 ronetn
955 3103 1070 3143 numeret
1081 3111 1088 3144 :
1099 3093 1142 3144 sed
1154 3091 1230 3164 plane
1242 3109 1300 3166 post
1309 3097 1370 3148 Ge-

295 3168 339 3222 lib.
352 3168 376 3220 X
389 3205 396 3231 ,
409 3186 463 3239 cap.
475 3168 499 3220 5.
510 3165 608 3220 Sabou.
854 3167 1021 3223 binianum?a
1031 3170 1091 3222 Erat
1099 3182 1182 3224 autem
1192 3171 1365 3238 Gabinianus,

333 3267 353 3301 ι.
368 3249 448 3303 Velut
458 3249 571 3300 adsueta
582 3249 664 3301 classi
673 3256 699 3299 et
707 3248 806 3301 dilectu
853 3257 882 3297 nt
899 3247 923 3298 la
944 3247 1042 3316 παρόδῳ
1061 3246 1118 3300 loeo
1136 3247 1247 3302 obscuro
1267 3251 1367 3322 aliquid

296 3327 403 3380 umbra.
415 3325 582 3379 Tentavimus
595 3326 665 3378 alibi.
675 3325 725 3378 Sed
738 3345 806 3379 nunc
855 3325 919 3378 lucis
931 3325 1059 3390 adieram,
1072 3339 1143 3380 etate
1156 3327 1241 3381 Taciti
1259 3331 1367 3383 actimi-

296 3405 806 3468 rernntceussmns,uelutadeuetacluu·
854 3402 1366 3480 muslibetor,dequoB.llieron.0lyre.

295 3502 325 3536 so
338 3491 363 3534 et
379 3483 497 3533 delimtoe
515 3481 616 3534 rsmbm
631 3499 746 3548 corporo.
763 3481 808 3532 Eat
855 3478 913 3532 213.
926 3479 962 3531 Ν.
977 3479 1074 3535 Faber.

297 3561 367 3615 euim
386 3563 507 3613 clausum
529 3557 598 3612 idem
617 3559 686 3630 quod
705 3571 806 3611 tectum.
888 3557 912 3620 4.
926 3558 961 3609 Io
978 3557 1105 3611 Milonem
1125 3562 1236 3616 Cestius.
1253 3561 1368 3617 lleetitue

301 3638 456 3692 Gronovius.
856 3637 934 3710 igitur
953 3637 1018 3710 apud
1039 3639 1229 3708 Quintilianum
1253 3643 1297 3696 lib.
1318 3645 1366 3710 X,

332 3737 353 3768 a.
367 3714 422 3768 Sed
438 3717 519 3768 etiam
538 3717 660 3768 Ciceroni.
677 3717 737 3769 Tria
753 3717 807 3771 baec
856 3737 909 3788 cap.
922 3717 948 3784 ⁴,
961 3716 1039 3770 Cestii
1053 3737 1146 3772 nornen
1156 3757 1163 3784 ,
1175 3721 1246 3790 quod
1258 3723 1295 3776 ibi
1308 3741 1367 3778 eor-

300 3795 376 3852 verba
387 3793 477 3848 absunt
488 3793 594 3848 utribus
603 3793 684 3846 libris.
696 3795 791 3849 Sabou.
855 3808 956 3868 ruptum
966 3808 1051 3850 exstat.
1064 3797 1176 3852 «Melius
1188 3797 1252 3864 boe,
1268 3802 1365 3871 inquit,

331 3875 354 3928 3.
365 3875 480 3928 Cestium
487 3891 564 3926 suurn
569 3873 726 3946 preferrent.
734 3873 806 3926 ldem
856 3892 930 3943 quern
942 3873 1091 3939 rescribere,
1103 3877 1232 3931 veteribus
1243 3881 1367 3933 orationi·

300 3951 433 4005 &auclino
454 3951 556 4004 Tacitus
577 3951 607 4002 de
631 3951 669 4002 tui
689 3951 808 4022 temporis
856 3953 911 4020 bus,
920 3965 947 4005 nt
956 3954 1014 4008 lecit
1026 3953 1122 4007 Sestius
1133 3969 1222 4010 eontra
1236 3959 1366 4012 Ciceronis

299 4027 605 4095 Sebolutieiatthtotus
612 4028 805 4098 uniusquisque,
856 4031 980 4084 astionem
994 4031 1104 4085 babitans
1120 4053 1167 4106 pro
1181 4033 1317 4091 Milone.»
1337 4039 1366 4090 Et

255 4166 258 4180 1
298 4105 614 4176 inquit,scbolaatitontm
631 4105 743 4159 nonbae
763 4123 807 4159 sua
855 4109 954 4177 scribe,
976 4121 1006 4163 ut
1019 4111 1082 4180 sesi!
1100 4115 1212 4168 Cestius.
1229 4115 1365 4186 Quomodo

298 4185 455 4256 persuasione
468 4186 568 4252 fruitur,
583 4199 609 4238 ut
622 4205 648 4239 se
658 4200 716 4240 ante
729 4185 806 4240 Cice·
858 4189 931 4242 etiem
945 4189 1038 4243 habent
1050 4193 1109 4244 Mas.
1124 4193 1233 4248 codices.
1246 4197 1282 4249 N.
1296 4195 1367 4249 Fas.
