2866 4814
309 489 371 558 116
630 485 678 552 Μ.
704 481 850 554 ANNAEt
872 485 1052 554 SENECAE

304 617 416 700 iliam,
438 611 579 683 Annon
602 615 708 706 possit
720 613 873 682 abdicari
892 615 1001 696 filius,
1027 615 1070 684 ob
1088 614 1125 683 id
1142 617 1234 709 quod
1251 617 1313 686 illi·
1331 619 1386 688 is·

305 758 384 804 cere
402 733 494 816 salvs
512 730 589 826 lege
607 753 675 799 non
694 728 803 799 licuit.

353 850 631 926 cotoneum
639 877 702 946 pro
709 845 922 920 adolescente
932 873 1022 920 unus
1030 845 1075 918 ab
1083 850 1240 920 omnibus
1249 855 1314 944 qui
1325 851 1388 921 de·

303 965 533 1046 clamaverunt
549 969 762 1040 introductus
779 983 848 1039 est:
863 971 939 1038 Non
957 971 1054 1063 potui
1069 970 1226 1038 occidere
1240 999 1249 1057 3
1266 971 1386 1040 exilia

302 1093 481 1165 Ciceronis¹
494 1073 661 1160 sententio
675 1092 683 1124 ¹
698 1101 845 1168 nactus,
866 1108 966 1177 quam
978 1087 1015 1154 in
1029 1087 1131 1156 simili
1145 1089 1386 1156 controversia

303 1207 403 1287 dixit,
423 1229 528 1299 quum
543 1201 826 1285 abdicareturia,
847 1201 906 1293 qui
921 1187 1107 1269 adulteram
1127 1217 1269 1271 matrem
1286 1203 1386 1272 occi-

303 1317 449 1392 dendam
466 1333 665 1414 acceperat,
685 1333 720 1385 et
734 1316 910 1384 dimiserat
924 1333 1070 1389 terrore.

348 1443 458 1508 lano
472 1433 652 1529 descripsit
665 1449 837 1528 stuporem
848 1435 951 1501 totius
963 1435 1117 1528 eorporis
1127 1484 1136 1515 ‚
1148 1436 1184 1501 in
1196 1451 1296 1504 tanto
1304 1436 1385 1504 ino·

257 1537 259 1542 Ι
298 1557 406 1654 pinati
419 1553 540 1648 flagitii
559 1547 773 1646 speetaeuioq
793 1566 827 1618 et
843 1549 950 1619 dixit:
969 1551 1084 1637 Pater,
1101 1553 1163 1622 tibi
1179 1577 1302 1623 manus
1323 1553 1384 1622 de·

300 1673 460 1752 fuerunt,
489 1668 572 1736 mihi
598 1666 734 1750 omni-aq
761 1661 821 1731 sed
837 1683 943 1757 quum
969 1665 1144 1733 oculorum
1165 1667 1379 1762 eeiiginem,

297 1789 401 1859 animi
420 1785 664 1862 deiectionem,
693 1781 921 1849 membrorum
950 1772 1101 1850 omnium
1124 1799 1299 1877 torporem
1317 1785 1381 1854 de·

297 1903 508 1997 tempsisset,
528 1898 678 1992 adjecit:
700 1898 892 1990 Antequam
916 1897 961 1966 ad
979 1922 1033 1968 me
1053 1901 1176 1983 redeo,
1203 1903 1377 1971 exiemnt.

347 2021 520 2090 Gnaeus·
538 2018 655 2110 inepto
673 2013 810 2100 colore,
826 2013 887 2083 sed
902 2011 1014 2086 dulci³
1021 2066 1098 2086 .....

347 2141 528 2206 rimans
547 2135 586 2203 ex
604 2133 703 2202 bonis
715 2131 1000 2202 declamatoribus
1016 2121 1103 2202 dixit
1108 2185 1181 2203 .....

348 2257 496 2324 Goaorts
512 2251 652 2344 egregie
669 2247 755 2316 dixit
761 2299 833 2315 .....

350 2373 533 2440 Putrem
551 2366 637 2436 dixit
641 2414 716 2434 .....

350 2491 473 2557 Pbsors
491 2484 656 2553 Annuus
670 2481 781 2550 dixit:
804 2483 915 2576 Majus
929 2500 1002 2551 erat
1021 2471 1131 2552 sosius
1148 2487 1242 2577 quod
1261 2488 1379 2582 impe-

302 2605 422 2689 rubas,
440 2625 541 2695 quam
560 2599 651 2693 quod
665 2598 955 2693 deprehenderas.

350 2723 514 2790 Ansurrus
534 2742 603 2786 non
626 2718 796 2801 narravit,
816 2716 876 2784 sed
898 2718 963 2788 boc
981 2718 1095 2786 colore
1118 2721 1189 2812 egit
1210 2719 1254 2787 ab
1278 2723 1378 2789 initio

302 2864 411 2934 usque
424 2837 468 2906 ad
485 2839 600 2904 finem.
622 2836 694 2926 Ego
716 2856 770 2900 me
792 2831 977 2904 defendere
992 2835 1100 2904 debeo
1118 2865 1124 2903 :
1139 2837 1273 2930 siquid
1292 2822 1378 2906 mibi

303 2937 473 3050 objectum
499 2951 583 3036 erit,
614 2966 672 3017 aut
692 2949 843 3044 negabo,
865 2967 923 3018 eut
944 2953 1122 3021 excusabo.
1143 2956 1177 3023 st
1196 2954 1281 3045 quid
1296 2981 1381 3025 exe·

304 3073 397 3165 geris
413 3071 520 3162 majus
533 3065 667 3136 viribus
685 3069 787 3151 meis,
806 3067 915 3137 diram
932 3097 940 3136 :
958 3071 1120 3161 Ignosce,
1138 3093 1208 3138 non
1221 3081 1375 3165 possum.

303 3284 349 3335 bus
362 3277 502 3354 signifieat,
523 3279 594 3348 quod
607 3277 637 3329 iis
656 3279 817 3330 contineatur
867 3276 1095 3342 constitutionum,
1109 3280 1136 3331 in
1152 3278 1222 3340 libris
1232 3281 1265 3332 de
1277 3282 1378 3334 inven-

304 3373 330 3413 et
345 3359 514 3433 permittatur.
529 3357 557 3412 id
569 3356 674 3430 impune
687 3356 770 3418 faceto
781 3354 816 3408 ii·
865 3355 951 3422 tione,
963 3368 1008 3408 aut
1018 3353 1149 3422 Cornificii
1161 3356 1379 3422 sshwitiiuuffi

304 3461 368 3495 rere.
379 3441 447 3492 Nam
459 3437 491 3490 ad
502 3438 572 3511 leges
581 3455 638 3506 qum
651 3433 814 3508 permittunt,
865 3434 897 3486 de
908 3433 1001 3488 eodem
1013 3445 1167 3508 argomento
1179 3435 1269 3508 aginat·
1278 3434 1377 3492 Schu-

303 3536 356 3570 non
369 3527 533 3586 quereiam,
547 3513 665 3584 partiati-
676 3510 817 3580 Atqueboo
898 3531 920 3562 π.
938 3509 1059 3581 Gorgias.
1077 3514 1201 3571 Nobilio
1219 3514 1377 3582 Leontimu,

302 3597 364 3650 inde
379 3593 531 3668 intelligitur
539 3593 651 3668 propius,
665 3589 733 3660 quod
733 3591 817 3660 staua
866 3589 987 3644 sedulius
1002 3591 1099 3646 Rutilio
1111 3592 1183 3665 Lupo
1195 3593 1316 3662 aeqtaalis,
1331 3594 1377 3663 qui

302 3676 456 3748 quandoque
476 3673 688 3747 periculorum,
708 3683 736 3724 ut
757 3669 814 3724 vult
863 3668 894 3720 de
904 3668 1191 3742 iigurisquatuoriibrot
1199 3670 1377 3741 seriptit,qaoa

301 3755 404 3810 Servius
420 3755 452 3806 ad
466 3751 609 3805 XAEneid.
627 3771 691 3804 vers.
706 3769 737 3818 72
746 3777 756 3811 ,·
769 3747 812 3802 ubi
862 3747 978 3821 Lupusin
987 3769 1145 3802 unumsuum
1154 3749 1378 3819 transtulitQuin·

242 3829 245 3834 ¹
301 3830 633 3900 addit:sinjurelectum
651 3827 813 3894 est‚Fraudi
862 3827 1211 3900 tiliauu201ib.lX,eep÷2.
1225 3829 1377 3886 N-Fabrr.

301 3905 813 3981 astitum,iaest,pereu10.»sctuu.
896 3907 918 3960 s.
939 3907 995 3964 Sea
1015 3909 1094 3962 autes.
1111 3895 1210 3963 nom
1227 3905 1270 3960 ue
1285 3909 1377 3967 orm

335 4011 357 4043 ι.
380 3989 429 4042 Ea
451 3991 501 4044 tila
528 3987 656 4042 Ciceronis
676 3989 813 4040 sententia.
862 3986 965 4050 aedas,
979 3987 1089 4043 sednon
1105 3987 1193 4065 qmnit
1207 3986 1377 4058 posuissem-

300 4069 355 4138 Qui
370 4067 477 4139 quidem
490 4061 637 4122 locos'mihi
657 4066 684 4118 in
700 4077 813 4120 mentera
862 4063 941 4120 bitror
954 4065 1076 4126 &necem
1088 4065 1147 4120 :rei
1163 4065 1376 4138 quodnemoria

298 4163 352 4198 nort
371 4145 448 4200 veuit
466 4145 607 4215 Quareodi
628 4142 706 4217 igitur
724 4161 812 4217 nego·
860 4143 1153 4214 quadaaeaeitimt:
1164 4145 1285 4217 reiquod
1293 4162 1376 4221 opere

298 4221 364 4276 tiam
384 4223 511 4278 mandabo
529 4223 638 4291 otiosis„
649 4223 678 4276 in
691 4223 811 4294 exemplis
860 4221 935 4295 p'rstii
947 4222 1014 4276 nihii
1027 4223 1156 4278 baberent.
1168 4223 1242 4278 Certe
1254 4225 1284 4278 in
1297 4224 1375 4282 varri
