2874 4808
298 459 364 544 3⁵4
614 454 662 519 u.
688 449 832 520 suum
856 449 1036 519 senece

296 587 352 654 cui
375 606 444 650 nou
466 580 583 650 nocuit
599 595 634 646 et
650 578 759 646 filium
779 591 814 645 et
834 577 999 644 victorem
1022 573 1206 660 occidere3
1234 576 1269 640 in
1293 577 1361 642 Lu-

296 697 387 767 cullo
399 694 588 764 ovantium.
604 693 644 760 ln
662 707 822 785 pretore,
838 691 970 782 inquit,
985 713 1090 782 quum
1104 687 1156 756 itti
1172 689 1363 758 constiterit

296 812 520 896 abstinentis,
536 808 750 902 diligentiam
770 805 966 885 excutietis,
986 804 1155 898 quomodo
1172 829 1241 872 uuo
1263 821 1361 872 nocte

293 923 493 999 coenoverit!
509 929 630 996 Utrum
642 939 767 1004 tamen,
782 923 907 1014 iuquit,
923 921 1075 1014 iniquius
1086 924 1161 990 est?
1173 923 1359 1015 objiciunt,

296 1049 390 1143 quod
407 1047 585 1115 damnatus
602 1041 746 1136 perierit
759 1039 928 1107 meretrici
946 1065 955 1104 :
970 1036 1159 1130 postulent,
1182 1054 1362 1130 pretorem

296 1166 411 1261 perire
424 1161 598 1230 damnoso.
877 1255 879 1258 Ι
1294 1175 1329 1216 κ

343 1278 501 1348 Colorem
530 1277 652 1344 Fuscus
681 1271 843 1338 Ausonius
868 1267 961 1337 huuc
983 1267 1168 1338 introduxit
1195 1268 1361 1336 :ebrium

297 1397 420 1478 fuisse,
441 1393 587 1462 nescisse
608 1387 692 1480 quid
711 1386 842 1455 fecerit.

344 1515 423 1582 Sino
446 1511 613 1578 Pounrrus
639 1505 706 1572 hoc
730 1502 842 1571 colore
863 1525 945 1572 usus
961 1527 970 1571 z
985 1505 1061 1572 Non
1078 1504 1211 1595 putavit
1227 1501 1273 1572 sd
1292 1527 1361 1572 rem

297 1625 489 1719 pertinere,
507 1620 567 1688 ubi
586 1633 645 1686 aut
664 1614 800 1709 quondo
819 1617 969 1708 periret,
995 1617 1054 1709 qui
1071 1618 1187 1708 perire
1205 1615 1358 1688 deberet.

345 1743 503 1806 Tuumne
517 1736 668 1827 ineptum
684 1729 870 1800 introduxit
883 1730 1028 1798 colorem
1043 1757 1051 1798 :
1065 1733 1184 1800 Sermo
1197 1748 1291 1816 erut,
1308 1735 1365 1801 in-

298 1856 389 1948 quit,
408 1853 446 1920 in
463 1850 637 1935 convivio,
657 1848 828 1916 contemni
842 1847 981 1916 nimiam
996 1849 1150 1941 pretorio
1165 1848 1360 1918 lenitatem:

298 1972 383 2039 aiios
400 1969 503 2037 firisse
515 1981 694 2059 pretores,
710 1964 770 2057 qni
784 1963 938 2055 quotidie
949 1963 1281 2052 animadverterent3
1297 1967 1364 2034 hu-

293 2088 351 2180 jur
368 2107 456 2154 auno
472 2081 604 2150 nullum
621 2101 695 2148 esse
709 2079 870 2148 occisum.
888 2080 983 2148 Dixit
993 2078 1118 2169 aliquis
1133 2101 1176 2146 ex
1188 2081 1361 2150 convivis:

297 2201 351 2266 Tu
372 2219 454 2289 ergo
472 2217 647 2286 nunquam
661 2177 795 2260 initus?
813 2191 899 2259 dixit
914 2207 949 2259 et
963 2191 1100 2260 mulier.
1118 2195 1210 2286 Ergo
1233 2195 1361 2276 iratus,

244 2383 247 2388 ,
297 2309 389 2405 quod
406 2308 584 2377 clementis
601 2329 661 2374 sus
679 2307 885 2397 contemptui
911 2320 1001 2374 esset
1022 2331 1030 2374 :
1054 2306 1206 2392 curabo,
1228 2307 1366 2400 inquit,

299 2430 428 2508 sciant,
450 2448 518 2492 non
535 2422 651 2492 deesse
670 2419 755 2490 mihi
773 2421 990 2507 sceleratum,
1006 2447 1107 2514 quem
1122 2421 1241 2493 videre
1254 2425 1364 2494 lucem

300 2547 388 2614 ultra
406 2567 473 2612 non
491 2555 634 2636 oportet.
655 2539 798 2609 Occisus
818 2554 893 2625 θοις
914 2539 999 2631 qui?
1015 2537 1213 2630 demnatum
1229 2541 1314 2611 ubi?
1329 2544 1365 2610 iu

300 2662 480 2758 pretori03
507 2681 575 2751 quo
602 2656 779 2750 tempore?
799 2671 851 2724 est
873 2657 965 2724 enim
987 2655 1094 2724 ulium
1110 2672 1263 2752 tempus,
1296 2683 1365 2753 quo

301 2799 427 2846 nocens
439 2771 555 2866 perire
567 2793 637 2838 non
651 2769 799 2838 debeat?

348 2891 480 2957 Gutus
497 2886 609 2952 eros
625 2877 736 2950 dixit:
756 2883 920 2952 Meretrix
943 2885 1074 2973 orevit3
1093 2885 1273 2969 timebam,
1297 2911 1367 2958 mo-

191 3026 196 3040 ’
299 3001 476 3083 hercules,
496 3023 541 3066 ue
560 3013 729 3067 exorasset
745 3015 784 3067 ut
805 3015 865 3068 aut
889 2998 1103 3070 occideretur
1124 3002 1364 3084 indemortus,

300 3133 358 3186 eut
373 3117 551 3185 damnatus
572 3116 716 3184 viveret.

351 3237 399 3301 Ex
408 3233 513 3302 alters
527 3248 624 3326 parte
636 3232 741 3301 muita
751 3231 840 3303 bene
856 3232 1053 3322 dictasunt,
1071 3234 1176 3304 mults
1187 3252 1363 3345 corrupte:

302 3354 339 3421 in
352 3351 580 3444 descriptione
593 3350 750 3445 strpplicii
765 3353 883 3444 utique
898 3351 967 3435 itti,
984 3355 1044 3445 qui
1058 3353 1243 3422 voluerunt
1255 3356 1368 3423 omnis

301 3469 455 3561 legitima
479 3469 637 3564 supplicii
658 3467 763 3537 verbs
786 3469 821 3534 iu
847 3470 1030 3538 sententias
1052 3469 1208 3554 trahere,
1230 3472 1268 3538 iu
1286 3471 1367 3538 vitis

303 3584 498 3655 inciderunt
516 3613 524 3652 :
539 3601 699 3678 tanquam
721 3583 807 3652 dixit
827 3587 983 3654 Tumums
1000 3611 1008 3653 :
1028 3586 1229 3673 Summum
1248 3585 1366 3672 audis,

304 3699 431 3768 lictor?
453 3721 659 3768 summoves
677 3714 819 3791 pretore
836 3701 1049 3768 meretricem
1073 3725 1081 3767 ε
1103 3697 1170 3767 hoc
1195 3699 1273 3768 loco
1298 3723 1366 3769 nou

301 3894 392 3946 liuslt.
412 3893 444 3946 F·
462 3893 493 3944 A.
509 3893 543 3943 N.
564 3890 729 3963 imperiosus,
746 3891 811 3944 Tor·
858 3891 996 3956 victorem,
1025 3889 1103 3962 jussit.
1125 3889 1229 3945 Saliust.
1251 3891 1368 3966 ingerth,

301 3970 371 4040 quati
393 3968 563 4042 cognomine,
584 3967 764 4041 perindulgens
783 3970 810 4023 in
859 3969 1078 4024 neemanim
1086 3971 1366 4044 ainprriaproverbffle

303 4060 413 4120 putrem,
432 4045 519 4100 acerbe
540 4065 640 4099 severus
660 4047 686 4098 in
708 4046 809 4115 filiurn,
860 4046 938 4103 Sulla·
950 4047 1096 4102 crudelitate
1108 4062 1132 4101 rt
1144 4049 1245 4104 huculli
1257 4051 1366 4112 divitiis.

301 4125 370 4194 qood
382 4138 469 4179 contro
483 4123 616 4200 imperium
627 4145 701 4179 suum
714 4125 742 4179 iu
757 4126 811 4178 ho-
860 4128 915 4200 iege
934 4129 1061 4182 Plutarch.
1080 4129 1240 4196 Varronem,
1259 4131 1367 4184 Cicero-

302 4213 365 4252 stem
378 4217 530 4273 pugnarent
541 4241 549 4268 ,
569 4203 653 4256 necari
665 4223 741 4270 euro,
755 4203 813 4258 lieet
861 4225 919 4258 nem
931 4219 956 4260 st
965 4207 1099 4262 Horatium
1112 4207 1189 4281 Epist.
1197 4210 1220 4276 i,
1230 4224 1267 4263 vt.
1274 4209 1366 4264 SM.
