2842 4812
309 408 379 496 su
635 417 683 485 u.
709 415 854 496 auum
876 413 1056 484 sannen

307 539 512 609 Tristiorem
527 542 629 612 istum
640 544 812 630 vidimus,
830 567 934 636 quum
949 543 1040 611 filius
1051 544 1235 636 imperator
1247 563 1376 610 mnua-

307 655 409 722 tiatus
429 671 497 739 est,
520 681 743 752 quamquam
758 676 889 752 captus.
905 656 1024 726 Redde
1050 658 1237 741 rationem,
1256 680 1376 748 quem·

306 777 487 848 admodum
505 781 648 852 redieris
661 797 771 870 tuturo,
786 807 910 865 senex,
930 781 1042 862 solus,
1057 803 1134 849 cum
1150 801 1254 868 aur03
1270 804 1377 872 quum

305 895 409 964 etiam
431 898 651 990 imperatores
675 900 864 992 capiantur.
893 899 1082 989 Imperator
1106 893 1305 964 adolescens
1319 918 1376 964 re-

307 1013 482 1081 nuntiatus
496 1029 564 1098 est,
585 1013 741 1083 omnibus
756 1013 839 1081 laetis
848 1061 859 1098 ,
879 1026 1004 1104 praeter
1021 1025 1164 1104 patrem.

357 1128 468 1196 Casan
498 1127 568 1196 Pu.
604 1113 684 1196 Plus
716 1129 848 1221 accepit
877 1129 953 1195 auri
969 1131 990 1209 ,'
1012 1149 1112 1218 quam
1143 1125 1235 1219 quod
1263 1142 1377 1220 posset

304 1242 490 1332 abscondi;
506 1243 610 1312 nolite
623 1245 758 1331 mirari3
773 1260 807 1312 et
819 1244 1075 1336 imperatorem,
1092 1256 1126 1310 et
1138 1241 1247 1311 filium
1259 1243 1378 1312 rendi·

304 1358 417 1428 derat.
441 1359 561 1428 Caveto
574 1362 790 1450 proditorem.
809 1361 883 1429 Iam
900 1359 1044 1428 comitiis
1062 1359 1226 1428 cavimus.
1247 1359 1377 1430 Ababa·

306 1473 425 1544 iissent
447 1473 510 1544 tibi
530 1499 649 1543 aarum
667 1473 801 1558 bootes,
821 1474 889 1543 nisi
911 1473 1096 1542 dedissent.
1111 1472 1228 1565 Quum
1253 1473 1299 1543 de
1320 1499 1376 1544 re-
1413 1555 1417 1566 .

304 1591 499 1686 demptione
529 1607 710 1684 ageretur,
741 1613 859 1660 omnes
882 1592 920 1658 in
946 1592 1042 1659 curia
1068 1590 1227 1672 fuerunt,
1252 1607 1376 1684 praeter

303 1707 559 1800 competitorem
570 1711 594 1773 ¹.
614 1705 782 1776 brdicium
799 1705 882 1790 fuit,
901 1707 1077 1777 morientis
1092 1706 1214 1794 breve,
1232 1705 1298 1777 filii
1314 1733 1374 1778 ve-

306 1823 507 1892 recundum.
1088 1889 1091 1900 ,

354 1942 493 2009 uuam.
509 1937 689 2030 Quomodo
703 1953 738 2006 te
752 1937 977 2007 dimiserunt?
990 1940 1019 2006 si
1033 1937 1120 2006 nibil
1131 1937 1245 2026 aliud,
1259 1954 1296 2006 et
1310 1938 1375 2008 du-

302 2079 379 2126 cem
394 2056 563 2148 genuisti,
584 2070 618 2122 et
635 2053 702 2122 dux
718 2077 791 2123 esse
804 2053 951 2124 voluisti.
967 2055 1003 2124 si
1018 2079 1087 2124 non
1100 2053 1372 2139 decreveramus,

303 2171 483 2240 consilium
508 2185 659 2242 nostrum
686 2169 871 2263 exspectari
890 2165 1028 2254 debuit,
1048 2169 1077 2236 si
1094 2167 1372 2256 decreveramus,

305 2285 471 2354 officium.

353 2399 492 2470 Ansam
505 2399 604 2470 Foscr
617 2426 739 2471 rums.
757 2402 857 2472 Unde
877 2419 945 2471 tam
965 2427 1085 2497 graves
1102 2401 1238 2497 paterni
1254 2401 1375 2472 sinus?

304 2516 472 2610 numquid
490 2505 564 2586 ossa
581 2518 645 2586 iiiii
661 2497 862 2612 reportant?
877 2521 1056 2612 Exspectat
1072 2517 1230 2588 videlicet
1241 2517 1375 2610 judicia

304 2649 415 2704 vestra
432 2657 511 2703 reus
529 2659 537 2700 ι
552 2615 712 2726 tanquam
726 2635 872 2720 nesciat,
887 2632 972 2726 quid
986 2633 1030 2703 de
1042 2634 1102 2703 iilo
1115 2634 1280 2704 sentiatis.
1297 2637 1375 2704 Non

304 2766 343 2816 tu
352 2746 691 2840 semeiapudbostem
699 2747 1371 2842 iuisfi²,sednossemeilegatosmisimus:

304 2856 494 2957 imperator
503 2886 573 2931 non
583 2862 685 2931 audet
694 2865 871 2933 nominare
881 2879 1101 2956 te,tanquam
1113 2859 1280 2958 patrem⁵.

353 2981 444 3047 Jnsm
457 2977 653 3048 Gnusoars.
671 2977 754 3046 Fuit
768 2977 964 3054 adolescens
977 2981 1137 3074 optimus,
1153 2979 1376 3050 verecundis-

303 3094 408 3162 simus
424 3118 433 3160 ε
450 3093 509 3183 qui
524 3091 613 3185 patri
631 3115 690 3162 suo
709 3095 880 3172 cessisset,
905 3095 933 3161 si
951 3094 1042 3162 salva
1054 3095 1179 3188 pietate
1193 3095 1371 3188 potuisset.

303 3211 430 3278 iterum
447 3209 544 3278 vobis
557 3210 647 3279 inter
660 3225 791 3304 patrem
803 3226 839 3278 et
853 3209 960 3278 filium
972 3207 1192 3302 judicandum
1204 3229 1268 3280 est.
1283 3215 1377 3283 Can·

301 3326 437 3393 didatus
455 3328 620 3418 processit
636 3343 753 3396 contra
769 3345 899 3419 patrem
915 3354 923 3393 z
944 3329 972 3395 si
992 3328 1163 3396 silentium
1179 3329 1256 3420 ejus
1270 3327 1377 3398 intei-

302 3441 411 3535 ligere
435 3443 606 3526 scissetis,
633 3447 667 3513 et
695 3463 776 3512 tunc
800 3442 896 3514 vobis
924 3443 1118 3512 verecunde
1145 3443 1373 3513 indicaverat.

302 3554 458 3624 Habebas
475 3558 569 3650 apud
587 3557 701 3627 bostcs
721 3559 954 3628 auctoritatem
979 3586 986 3626 :
1012 3557 1200 3653 apparebat
1223 3575 1257 3626 te
1282 3559 1373 3652 reip.

302 3723 355 3778 Pro
368 3725 540 3790 supplicium,
552 3723 811 3796 laguntaiiicmoem.
860 3724 1004 3780 decernitur
1024 3725 1124 3798 publice
1144 3725 1176 3778 do
1198 3723 1377 3796 redemptione

338 3820 359 3852 ι.
373 3799 707 3871 Omnesr'ncuriasuemnt,
717 3814 813 3871 proeter
860 3800 1027 3857 filitschnu.
1360 3787 1365 3826 ¹

300 3881 497 3947 comptiorem.
510 3879 633 3952 Apparet,
647 3899 725 3948 quum
743 3893 812 3953 pater
895 3903 917 3934 a.
942 3883 1002 3935 Non
1029 3893 1057 3935 tu
1078 3885 1159 3935 semei
1177 3883 1254 3952 apud
1274 3881 1378 3936 horma

301 3960 439 4028 jactaretis
450 3959 589 4029 proiectum
599 3958 631 4010 ad
642 3955 726 4010 filium
737 3958 811 4011 redi·
854 3961 941 4034 suisti.
956 3957 1061 4024 Confer,
1074 3978 1130 4030 que
1146 3959 1209 4014 dixit
1222 3959 1307 4035 Hispo
1324 3961 1378 4014 Ro·

300 4036 438 4102 mendum,
453 4035 480 4088 id
494 4036 576 4107 ipsum
590 4034 618 4087 in
630 4035 729 4088 crimen
740 4039 810 4110 rapi,
860 4057 951 4091 manas
964 4038 993 4090 in
1005 4036 1097 4092 colore.
1107 4037 1206 4092 Schult.

296 4133 408 4183 eumque
419 4114 546 4180 accusari,
563 4111 631 4184 qnod
643 4112 765 4177 abfuerit,
777 4135 810 4167 na
892 4115 916 4168 3.
928 4119 989 4172 Nou
1006 4117 1087 4171 audet
1107 4119 1245 4171 amrium
1262 4125 1288 4170 te
1299 4155 1308 4184 ,
1319 4125 1376 4169 lan-

296 4189 386 4243 audiro
394 4205 534 4262 cogeretur,
541 4211 619 4261 quum
627 4190 779 4248 deliberatur
787 4205 811 4246 et
860 4216 942 4264 quom
953 4207 1066 4265 patrem.
1081 4195 1110 4249 ld
1123 4209 1175 4264 est,
1189 4215 1244 4250 non
1257 4197 1376 4270 impetrat
