2874 4768
288 337 385 488 57sx
604 393 651 456 u.
677 389 819 456 snum
842 387 1020 455 sannen

284 511 364 591 esse
375 521 620 614 proditionem,
638 517 697 584 sod
711 539 746 583 se
761 517 966 610 proditorem
982 541 1049 584 non
1064 541 1150 585 esse.
1168 520 1367 610 Suspectus

284 654 356 720 est,
376 638 488 728 inquit
503 685 511 716 ,
528 633 657 727 judici,
679 633 739 726 qui
755 632 947 726 plusquam
965 657 1002 702 se
1014 633 1178 702 defendit.

331 755 467 821 Casurus
479 751 587 842 posita
599 748 762 833 suasoria,
777 748 813 814 in
828 753 895 838 que
908 745 1073 816 deliberat
1086 747 1298 831 Alexander,
1315 773 1365 816 an

285 870 458 936 Oceanum
470 865 625 957 naviget,
635 885 739 954 quum
752 860 907 929 exaudita
919 883 983 927 vox
998 874 1102 943 esset,
1117 861 1300 956 Quomque
1314 867 1363 928 iu

241 1027 244 1034 ‚
287 987 367 1050 victe
378 983 398 1050 ι’
409 979 616 1050 describenti
627 976 793 1070 discipulo
804 976 871 1044 lnte
883 972 1064 1043 Alexandri
1079 977 1253 1063 victorias,
1272 1001 1362 1070 gen-

260 1183 264 1191 *
286 1115 407 1189 tesque
422 1092 642 1189 perdomitas,
653 1109 687 1159 et
703 1089 854 1176 addenti,
871 1091 1068 1184 Quousque?
1079 1106 1153 1184 post
1167 1093 1231 1160 ista
1243 1093 1361 1161 excla-

286 1213 409 1295 mavit,
431 1211 464 1276 E
466 1227 480 1276 t
494 1227 528 1275 tu
541 1231 705 1302 quousque
721 1208 740 1271 Ρ

516 1439 942 1600 nuonsmtrlo
979 1512 1116 1599 Vlll.

305 1693 307 1702 ’
390 1713 591 1762 nortona
625 1711 752 1760 orrto
785 1711 977 1760 ntrronn
1008 1711 1247 1765 convrcro.

278 1859 279 1862 ¹
349 1871 421 1932 Lux.
440 1871 533 1953 Rapta
552 1873 673 1952 raptoris
695 1884 833 1946 mortem,
852 1884 900 1932 aut
916 1871 1056 1932 indotatas
1070 1873 1188 1952 nuptias
1203 1886 1293 1954 optet.

287 1997 400 2055 Tarus.
414 1993 512 2075 Ropto
522 1996 660 2074 producto
672 1997 786 2075 mpetu
798 1999 912 2076 optasti.
924 1995 1038 2059 Juoeutk
1045 2008 1187 2078 mploran
1197 2020 1228 2060 se
1236 2001 1351 2077 nequod.

287 2177 290 2183 Ι
400 2092 546 2155 Conct'ctru
558 2105 609 2154 est.
625 2095 685 2154 Illo
699 2097 836 2174 optionem
844 2095 1053 2196 petr’tqlluptor
1063 2099 1240 2158 contradicit.

639 2236 1005 2324 (neumatum.)
1055 2269 1058 2274 ¹

206 2423 208 2428 “
336 2407 642 2476 DECLAMATIO.
663 2409 790 2502 Optare
808 2408 870 2477 tibi
888 2434 958 2478 non
974 2411 1119 2505 amplius
1134 2436 1236 2504 quam
1251 2412 1350 2480 semel

290 2525 401 2593 licuit.
421 2517 607 2617 Proponite
624 2523 784 2618 supplicii
802 2525 941 2612 faciem,
957 2525 1172 2608 carnificem,
1195 2528 1350 2595 securim.

290 2641 361 2708 Hoc
379 2638 480 2706 semel
501 2639 625 2722 licere,
647 2641 788 2706 nimium
805 2655 868 2707 est.
890 2639 931 2705 In
953 2635 1043 2706 hanc
1066 2640 1354 2732 perturbationem

290 2757 472 2850 perductus
482 2780 554 2823 sum
566 2805 577 2842 ,
591 2771 628 2822 ut
640 2756 834 2848 ignorarem
851 2753 934 2846 quid
951 2754 1117 2824 fecissem.
1133 2759 1279 2826 Gravius
1291 2783 1355 2851 pu-

291 2869 381 2950 nior,
390 2892 495 2959 quum
508 2891 560 2934 me
573 2865 856 2960 peccassepudet,
869 2891 969 2959 quam
978 2871 1243 2960 quumpeecavi.
1254 2871 1355 2964 Opta·

289 2983 339 3048 vit
357 2981 490 3073 nuptias
509 3007 517 3047 :
534 3003 598 3047 nec
616 2977 733 3062 ¹adhuc
751 2979 899 3064 sciebat,
922 3003 1023 3072 quam
1039 2981 1270 3060 uerecundum
1286 3008 1355 3050 ma-

292 3099 393 3165 ritum
404 3112 491 3162 esset
501 3094 671 3165 habitura.
689 3101 871 3190 Raptorem
884 3096 1042 3165 dimisisti
1057 3123 1065 3164 :
1082 3097 1194 3165 virum
1208 3100 1356 3167 occides?

292 3213 475 3282 Minusest
493 3234 575 3305 ergo
593 3211 685 3302 quod
706 3212 857 3295 vitiavit,
877 3235 977 3303 quam
992 3211 1082 3305 quod
1099 3215 1248 3307 negavit.
1270 3220 1355 3308 Ergo

293 3351 354 3416 nos
384 3329 542 3420 injuriam
572 3327 794 3421 periculosius
821 3328 1042 3419 negavimus,
1072 3354 1173 3422 quam
1203 3331 1352 3399 lecimus.

294 3438 448 3532 Quadam
463 3459 581 3525 nocte,
599 3441 684 3535 quid
698 3441 835 3510 dicam?
850 3463 919 3509 non
932 3466 1060 3536 negare
1070 3445 1140 3536 jam
1154 3469 1223 3514 non
1239 3447 1352 3539 pudet.

293 3557 386 3640 Nox,
401 3559 538 3638 vinum,
556 3579 675 3641 error,
692 3555 776 3646 quid
789 3555 968 3640 irasceris,
984 3557 1199 3651 puelleijam
1216 3583 1286 3629 non
1298 3584 1358 3628 ue·

291 3683 361 3758 gat.
389 3669 496 3736 ludex
525 3666 636 3736 datam
664 3669 821 3760 tabellam
848 3693 1007 3738 revocure
1034 3695 1137 3763 quam
1165 3673 1264 3757 tulit,
1293 3695 1357 3740 non

292 3777 402 3877 potest
415 3791 439 3851 ¹.
456 3785 627 3878 Quaesitor
641 3807 709 3853 non
723 3801 829 3856 mutet
842 3789 1166 3881 pronuntiationem.
1183 3789 1281 3858 Nihil
1295 3803 1357 3858 tam

313 3964 347 4004 'r.
368 3951 534 4006 Reserate...
554 3973 606 4005 uon
627 3964 732 4022 potest,
755 3967 801 4009 cte.
852 3955 896 4008 nui
921 3967 1035 4028 potest.»
1057 3947 1090 4009 El
1108 3957 1156 4010 hoc
1175 3959 1281 4028 quidem
1299 3970 1358 4012 terte

172 4011 176 4021 “
290 4030 519 4102 sputttmrnru.
537 4033 567 4083 1:
585 4031 801 4094 «rabennae
851 4032 1359 4108 teutseumrunuuumsm„oe

289 4107 353 4160 lecta
368 4129 412 4160 uec
426 4111 512 4180 augeri
532 4109 613 4161 littera
627 4129 676 4161 tina
692 4129 736 4162 nec
750 4111 802 4163 mi·
851 4123 874 4165 et
884 4111 977 4184 corrigi
987 4125 1010 4166 et
1023 4114 1115 4166 mutari
1125 4127 1204 4186 potest
1215 4135 1222 4181 ;
1235 4115 1283 4190 leg.
1297 4115 1359 4186 quod
