2842 4812
287 476 353 546 306
611 477 657 540 u.
684 472 828 540 snum
851 453 1058 542 saurun'

284 606 432 680 ctionem
451 600 604 682 inerant3
629 598 761 666 aiebam
778 624 786 665 :
801 597 865 666 llio
889 615 1042 692 tempore
1065 617 1099 668 et
1113 567 1189 668 iltae
1201 603 1362 694 virgines

284 721 420 790 erant¹.
446 719 523 786 Non
541 716 693 799 vitiavit,
716 715 849 807 inquit,
871 713 934 784 sub
951 715 1144 806 tyrannide.
1169 717 1202 786 Ο
1223 741 1291 787 nos
1308 720 1361 788 fe·

283 833 380 920 lieet,
400 835 428 902 si
448 856 491 901 ne
507 855 601 900 nune
618 830 769 922 quidem.

297 1036 302 1048 Ι
334 951 503 1018 Tuumne.
521 947 607 1038 Age,
624 945 692 1013 hoe
704 969 774 1014 non
795 962 847 1014 est
863 949 1061 1039 praemium,
1077 971 1183 1016 unum
1203 965 1361 1040 spectare

289 1067 439 1138 omnium
461 1063 607 1132 cruces?
626 1063 766 1132 Certum
791 1061 920 1146 habeo,
940 1064 970 1130 si
992 1063 1166 1131 habuisset
1192 1079 1362 1156 tyrannus

287 1184 415 1264 filiam,
444 1204 513 1248 non
540 1179 730 1271 scripsisset
753 1175 915 1248 edictum.
945 1179 1072 1250 Indicit
1100 1180 1222 1249 festum
1247 1180 1358 1264 diem,
1393 1249 1396 1256 ,

284 1299 412 1394 aperiri
421 1296 520 1388 jubet
533 1295 698 1388 majorum
713 1295 912 1386 imagines¹,
929 1319 1033 1386 quum
1048 1295 1191 1366 maxime
1204 1297 1361 1390 tegenda

286 1429 378 1492 sunt.
921 1421 967 1472 ’κ

333 1535 433 1602 Vsan
456 1532 598 1600 Gaum.
622 1523 749 1597 Eadem
769 1526 855 1596 hora
882 1544 916 1596 et
942 1529 1102 1598 libertum
1120 1530 1217 1613 fecit,
1243 1545 1280 1598 ot
1299 1555 1360 1625 ge-

284 1671 425 1732 nerum,
449 1645 516 1714 hoe
539 1645 620 1712 fecit
642 1642 733 1735 quod
755 1660 920 1735 tyrannus
944 1668 1014 1713 non
1030 1647 1145 1738 cogit,
1164 1647 1231 1714 nisi
1251 1671 1357 1738 quum

282 1763 454 1844 irascitur,
466 1781 583 1828 servus
595 1783 637 1826 ne
652 1775 734 1826 tune
744 1758 880 1850 quidem
900 1759 992 1844 iacit,
1006 1785 1111 1851 quum
1124 1763 1272 1853 cogitur.
1287 1765 1359 1830 Ge-

283 1901 406 1944 nerum
422 1874 545 1961 habes,
563 1873 698 1964 qualem
710 1874 724 1940 Ρ
734 1873 833 1940 utilli
845 1873 1072 1943 laudationem
1084 1900 1176 1944 suam
1190 1875 1331 1946 reddam
1346 1902 1356 1946 t

283 2011 405 2083 nempe
417 1989 509 2081 frugi
520 1982 674 2056 servum³
689 2014 697 2054 :
710 1988 825 2056 Servis
840 1990 906 2058 tuis
921 1993 1074 2081 paritura
1086 1991 1219 2060 fratres.
1236 1991 1359 2083 Quan-

284 2120 356 2174 tum
369 2103 414 2172 ad
426 2105 665 2198 expositionem
677 2127 792 2172 rarum
803 2111 971 2196 pertinet,
989 2124 1068 2176 sunt
1081 2108 1220 2200 quidem
1235 2105 1358 2176 acerba

283 2218 475 2314 tyrannidis
500 2219 605 2300 mala,
636 2235 748 2287 tamen
778 2221 927 2289 tristiora
952 2245 1141 2316 exponam,
1176 2249 1252 2315 quae
1283 2239 1359 2316 post

284 2331 501 2426 'tyrannidem
527 2347 621 2424 gesta
647 2347 746 2417 sunt;
771 2355 839 2400 non
859 2332 1074 2420 dubitabam,
1093 2340 1177 2429 quin
1196 2353 1285 2404 esset
1303 2353 1358 2428 ty-

284 2448 472 2520 raunicidae
493 2464 663 2541 nuptura;
684 2450 713 2515 si
730 2448 794 2516 sub
809 2467 958 2542 tyranno
978 2453 1093 2522 vitiata
1115 2469 1220 2536 esset,
1250 2452 1360 2520 habe-

285 2558 437 2636 remus‘.
466 2568 540 2636 Hoc
564 2588 633 2632 non
657 2564 720 2632 tibi
745 2566 805 2632 uni
830 2547 967 2636 aecidit.
989 2569 1150 2639 Nondum
1175 2585 1358 2662 tyrannum

284 2683 434 2752 occisum
450 2697 546 2774 puto,
566 2681 667 2758 etiam
681 2703 774 2748 nune
788 2685 982 2772 tyrannicas
996 2687 1132 2778 nuptias
1141 2684 1257 2754 video.

335 2801 514 2866 Maurum.
529 2797 629 2862 Nune
642 2795 758 2875 sciam,
775 2819 818 2862 an
831 2800 952 2878 merito
964 2800 1153 2870 libertatem
1166 2803 1358 2895 acceperis,

282 2913 314 2978 si
333 2909 423 2979 liber
441 2933 509 2978 non
528 2910 695 2976 merueris
710 2933 867 2999 erucem
884 2915 963 2996 hoo,
983 2916 1076 3008 quod
1092 2917 1228 3010 objicio,
1248 2917 1359 3008 quiin

288 3027 446 3120 pluribus
460 3025 557 3107 fecit,
577 3027 708 3094 occisus
724 3041 786 3095 est.
806 3073 811 3095 1

335 3147 376 3210 L.
395 3145 540 3212 Vrntru.
567 3145 666 3210 Nune
688 3143 724 3210 in
748 3144 848 3224 domo
870 3167 984 3218 nostra
1006 3153 1258 3222 matrimonium
1282 3167 1356 3220 est:

288 3260 387 3352 cujus
403 3281 458 3326 me
475 3257 638 3352 puderet,
662 3261 762 3328 etiam
782 3263 809 3328 ai
829 3279 946 3356 raptus·
965 3283 1067 3336 esset.
1086 3267 1198 3360 Quam
1218 3269 1361 3336 miseros

286 3456 353 3508 tacu
356 3488 419 3505 .....
425 3451 798 3524 Viden¹utiaeesSpiendidas
850 3458 925 3510 etism
947 3457 975 3510 in
998 3459 1093 3533 nuptiis
1115 3460 1215 3514 easdem
1240 3461 1361 3512 namuri

285 3532 403 3604 quatiunt
414 3550 521 3586 comata·
538 3530 633 3585 Schola.
698 3537 703 3548 “
850 3535 939 3589 solers.
951 3540 1037 3608 Quum
1056 3539 1134 3610 igitur
1145 3551 1196 3590 tam
1209 3537 1361 3592 infelicent

324 3632 345 3665 r.
362 3611 418 3663 1110
436 3621 548 3678 tempore
567 3620 592 3662 tt
607 3612 671 3662 atioe
689 3609 800 3677 virgines
851 3617 960 3688 dispares
973 3617 1213 3689 nuptiaesint,pnta
1225 3617 1293 3669 servi
1305 3635 1359 3670 eum

288 3700 370 3744 emat.
377 3687 454 3740 Nune
462 3707 519 3740 mea
529 3707 600 3740 soror
606 3687 661 3740 sois
670 3700 706 3740 est
715 3687 800 3759 virgo:
850 3694 904 3748 fili.
922 3695 1011 3760 herili,
1029 3696 1150 3748 velandas
1162 3697 1263 3766 potius,
1285 3713 1360 3766 quarn

287 3789 338 3840 quo
349 3765 467 3822 meliores
483 3765 659 3831 conditiones,
677 3766 730 3818 sire
742 3785 801 3818 ma·
851 3775 1011 3826 ostentandae
1023 3793 1064 3826 ess
1072 3793 1133 3835 esse,
1145 3774 1229 3844 inquit
1238 3774 1359 3826 Triarius.

288 3847 363 3914 titos,
376 3865 476 3920 sperare
489 3843 588 3918 poterit.
599 3839 699 3896 Schult.
882 3850 1093 3924 &Nempesrugr'
1104 3871 1213 3904 teramn-
1226 3853 1285 3904 Hoc
1294 3851 1359 3904 enin

321 3944 347 3977 a.
358 3925 466 3992 Aperiri
473 3921 547 3992 jubet
557 3923 690 3988 majorum
700 3923 801 3988 imagi·
852 3928 936 4000 elogio
948 3928 1029 3982 bonus
1046 3929 1174 3982 vendituri
1188 3949 1278 3982 servos
1288 3950 1361 3984 eona·

286 4019 341 4058 m.
353 4006 465 4076 Apparet
477 3999 536 4054 hinc
549 4020 602 4052 non
621 3999 647 4050 in
667 4000 743 4050 funus
754 4019 800 4050 ⁵0·
850 4005 1013 4059 mundabant.
1029 4006 1124 4059 Contra
1141 4027 1257 4078 nequam
1276 4025 1361 4062 uma

286 4080 342 4133 lum
360 4097 444 4131 eeress
461 4075 586 4146 majorum
601 4074 724 4146 imagines
737 4095 799 4146 pro·
849 4083 891 4138 hic
903 4097 927 4136 et
937 4083 997 4138 alibi
1007 4086 1136 4155 reperitur,
1147 4084 1245 4138 Senon.

287 4156 348 4209 duei
360 4175 390 4208 sn
400 4154 469 4209 striis
480 4153 576 4214 solers,
587 4163 615 4203 ut
625 4172 654 4205 ex
662 4151 797 4216 «iuvenali,
880 4161 903 4226 4
917 4161 1093 4216 Habeamus,
1103 4161 1203 4217 Excidit
1218 4183 1268 4214 ,0,
1285 4165 1360 4216 5⁰10.

290 4231 409 4298 Vslsrio,
431 4244 456 4285 st
471 4230 560 4286 Tacito
576 4242 690 4301 constat,
708 4249 797 4284 reram
846 4233 923 4286 tham.
936 4225 1090 4284 Gmmotus.
1169 4265 1171 4270 -
