2894 4784
304 481 372 548 628
630 481 676 545 M.
703 471 845 545 ANNAEI
871 477 1048 546 SENECAE

300 606 501 680 fabellarum
520 605 662 676 duloado
683 605 852 698 produxit.
877 609 997 697 Iraque
1019 597 1063 674 ad
1081 611 1288 700 propositum
1313 635 1369 680 re·

303 735 430 802 veram,
450 719 571 789 Aiebat
586 719 735 800 Cestius,
757 719 887 809 magnis
912 739 986 786 cum
1011 719 1169 790 laudibus
1190 723 1369 792 Alexandri

302 835 391 904 banc
406 835 588 904 suasoriam
605 857 677 902 esse
696 830 872 902 dicendam
893 861 901 901 ε
918 853 1016 926 qaam
1034 839 1084 905 sio
1101 837 1233 924 divisit,
1249 855 1287 908 ut
1300 844 1370 934 pri·

177 981 184 990 ·
301 973 392 1020 mum
416 949 565 1032 diaeret‚
587 953 690 1020 otiam
715 953 742 1016 si
761 951 915 1044 navigari
935 967 1049 1044 posset
1071 955 1245 1034 Oceanus,
1272 955 1369 1022 navi·

300 1065 447 1157 gaudum
464 1089 532 1132 non
551 1089 645 1144 esse,
665 1063 745 1131 satis
763 1063 877 1158 gloriae
895 1069 1071 1156 quaesitum
1093 1093 1100 1132 :
1125 1069 1275 1162 regenda
1298 1093 1368 1138 esse

299 1195 334 1247 et
357 1179 587 1274 disponenda,
609 1205 684 1272 quae
703 1181 739 1247 in
764 1182 907 1276 transitu
932 1184 1068 1250 vicisset
1093 1207 1101 1250 s
1125 1183 1368 1252 consulendum

298 1293 418 1376 militi,
440 1295 541 1364 totius
558 1294 652 1362 orbis
669 1293 821 1361 victoriis
836 1293 922 1362 lasso
942 1321 950 1360 ι
969 1294 1011 1362 de
1027 1311 1132 1363 matre
1149 1296 1199 1362 illi
1218 1299 1368 1389 cogitan-

298 1410 379 1478 dum
402 1437 409 1477 :
431 1426 465 1479 et
480 1412 563 1478 alias
586 1433 703 1478 causas
722 1408 912 1502 complures
930 1409 1086 1502 subjecit.
1113 1409 1249 1479 Deinde
1279 1411 1365 1478 illam

299 1530 519 1619 questionem
546 1526 713 1618 (subjecit
725 1527 762 1614 ‚)
790 1545 834 1592 ue
856 1525 1009 1618 navigari
1030 1526 1168 1618 quidem
1195 1528 1366 1596 Ooeanum

299 1667 410 1736 posse.

348 1763 508 1830 Fssunos
526 1757 748 1850 philosophus
765 1760 907 1849 primam
929 1757 1009 1824 fecit
1023 1758 1246 1849 quaestionem
1274 1781 1367 1825 eam·

299 1875 396 1959 dem,
409 1873 517 1941 Etiam
531 1873 558 1939 si
576 1876 729 1965 navigari
746 1886 859 1964 posset
870 1872 1043 1954 Oceanus,
1057 1871 1287 1966 navigandum
1301 1897 1365 1941 non

297 2013 386 2062 asse.
402 1991 447 2059 At
460 1991 623 2057 rationem
641 1989 740 2055 aliam
759 1989 903 2080 primam
920 1990 1018 2069 fecit,
1039 1988 1175 2056 modum
1191 1989 1366 2080 imponen-

298 2108 380 2181 dum
397 2105 584 2175 asserebas
598 2105 774 2187 secundis3
795 2105 852 2172 bie
870 2103 954 2172 dixit
972 2107 1172 2173 sententiam
1198 2134 1207 2170 :
1227 2106 1291 2174 Illa
1307 2107 1365 2174 de·

288 2231 391 2292 'mum
426 2242 547 2312 magna
580 2234 630 2287 est
656 2221 819 2298 felicitas,
848 2243 922 2312 quse
948 2220 1089 2288 arbitrio
1113 2243 1174 2288 suo
1204 2223 1361 2288 eonstitit.

174 2337 182 2354 '
298 2339 393 2409 Dixit
406 2335 530 2404 deinde
547 2336 656 2426 locum
670 2335 712 2403 de
728 2338 890 2418 varietate
905 2337 1044 2404 fortunae
1056 2364 1063 2404 :
1074 2353 1108 2404 et
1122 2361 1227 2429 quum
1243 2336 1365 2405 deacri-

221 2451 226 2458 ’
298 2451 439 2547 psisset,
467 2443 554 2520 nibil
579 2451 699 2519 stabile
724 2475 824 2532 esse,
846 2453 957 2520 omnia
987 2452 1141 2536 fluitare,
1176 2469 1211 2520 et
1231 2453 1365 2520 inoestis

298 2569 445 2638 motibus
469 2566 568 2636 modo
586 2566 716 2648 attolli,
737 2566 835 2633 modo
852 2565 1017 2660 deprimi,
1038 2567 1215 2639 absorberi
1235 2583 1362 2650 terras,

299 2704 333 2756 et
350 2683 456 2756 maria
472 2687 615 2766 siccari,
635 2701 765 2752 montes
782 2683 979 2770 subsidere,
1000 2683 1125 2752 deiude
1140 2685 1296 2777 exempla
1312 2708 1366 2752 se·

297 2807 391 2870 rum¹
409 2825 428 2868 e
447 2799 582 2894 fastigio
607 2823 668 2867 suo
695 2797 949 2880 devolutarum,
974 2799 1099 2891 adjecit
1127 2800 1239 2868 :Siue
1256 2801 1365 2896 potius

299 2941 413 2986 rerum
427 2931 582 2984 naturam
591 2963 602 2997 ,
622 2937 722 3004 quam
741 2914 907 2983 fortunam
923 2933 1036 2997 tuam,
1058 2911 1222 2984 deficere.
1240 2916 1366 2984 Secun-

297 3033 529 3122 damrquoque
554 3028 774 3120 questionem
800 3030 900 3096 aliter
927 3031 1095 3098 tractavit.
1126 3031 1255 3098 Dielsit
1278 3033 1364 3098 enim

223 3191 229 3200 ι
298 3132 389 3212 illam
405 3143 476 3225 sio,
498 3157 536 3208 ut
553 3143 699 3234 primum
717 3158 860 3234 negaret
874 3129 960 3210 ullas
974 3145 1010 3210 in
1024 3143 1187 3227 Oceano,
1205 3159 1265 3212 aut
1278 3161 1364 3212 trans

296 3358 340 3410 nio
352 3357 384 3409 sd
395 3356 612 3428 exprobrandum,
626 3357 695 3427 quod
708 3356 804 3408 offerui-
855 3356 942 3410 Gontr.
958 3357 994 3410 IV
1001 3357 1149 3427 Descriptio
1160 3365 1305 3430 pugnantis
1318 3360 1365 3411 oiri

297 3447 369 3488 astus
381 3445 405 3486 et
414 3445 502 3508 parum
512 3436 553 3486 vir
563 3447 633 3487 esset.
642 3433 746 3486 Mulieri
758 3435 806 3488 dis·
845 3433 937 3506 sortis.
951 3433 1016 3502 Qum
1027 3435 1135 3508 singule
1153 3449 1177 3489 et
1191 3437 1252 3490 solae
1270 3435 1363 3509 periodi

295 3512 376 3567 soluto
386 3511 548 3565 matrimonio
556 3512 667 3580 (etqussi
674 3514 805 3566 rescissum
854 3525 926 3578 sunt,
947 3514 1038 3584 quibus
1056 3517 1083 3567 in
1104 3515 1211 3567 transitu
1224 3527 1311 3567 monet
1322 3514 1364 3566 ali·

294 3588 621 3664 jsrnsitusespisneillius)
631 3591 807 3644 restituebatur
856 3591 916 3661 quid
929 3591 1024 3645 dictum
1036 3591 1092 3645 loco
1106 3603 1174 3645 certo
1188 3591 1280 3656 luisse,
1299 3593 1364 3663 quod

295 3669 340 3720 dos
349 3679 449 3732 aarum
460 3667 543 3731 bima,
557 3667 683 3721 trimodis
695 3668 740 3734 (id
755 3681 804 3731 sss,
856 3668 971 3721 consulto
983 3681 1067 3721 tamen
1080 3669 1186 3721 omittat.
1200 3670 1266 3722 adu.
1280 3679 1363 3721 notam

202 3759 208 3772 ·
294 3745 373 3799 tribus
388 3745 554 3818 pensionibus
571 3746 676 3810 annuis,
691 3757 718 3798 ut
732 3749 805 3800 doust
854 3743 982 3798 Gronovii
1004 3745 1035 3796 sd
1056 3744 1261 3797 Conuovsrsissn
1286 3747 1363 3799 istam.

295 3823 428 3898 Ulpianus,
439 3824 500 3896 θὶς.
510 3823 642 3890 xxxm,
654 3823 804 3897 t.1·,lsg.3.
854 3823 914 3893 Quo
926 3824 1072 3889 observato,
1091 3835 1236 3895 mutataque
1253 3823 1321 3877 huns
1334 3825 1363 3876 sd

294 3901 369 3966 Em).
386 3900 523 3953 Simillims
542 3901 638 3954 ratione
660 3899 805 3952 Diolimum
853 3900 958 3952 modum
977 3901 1141 3954 distinetione
1153 3911 1269 3954 :montes
1287 3903 1364 3953 snbss'·

228 4029 232 4036 .
294 3991 359 4034 taust
371 3979 500 4052 Diogenes
512 3980 578 4053 apud
590 3979 733 4032 AElisnurn.
855 3981 914 4031 dere
922 3997 931 4031 .·
940 3979 1163 4047 derudeeumpra
1170 3997 1257 4033 rerum
1267 3981 1363 4053 esnati-

327 4075 348 4108 s.
369 4057 472 4111 Deinde
487 4059 610 4126 exemplo
629 4075 722 4111 rerum.
743 4059 802 4112 Hac
850 4061 893 4127 gio
911 4077 959 4114 suo
981 4061 1160 4113 devolaturam
1185 4063 1298 4128 adfecit,
1319 4075 1362 4112 ets.

292 4134 408 4207 periodus
421 4135 474 4205 ejas
487 4147 522 4189 sst
532 4137 648 4208 generis,
664 4137 736 4209 eujus
751 4135 801 4191 ills
852 4138 932 4191 lotus
951 4138 997 4191 erit
1013 4139 1136 4202 minime.
1157 4150 1185 4190 ut
1203 4157 1270 4191 nunt
1287 4136 1362 4212 possit

289 4211 358 4264 Suu.
366 4211 546 4282 IIDessn'pts'o
556 4213 799 4286 Thermopylarum.
851 4213 941 4282 videri,
950 4215 1060 4272 mutilus.
1068 4213 1168 4271 ocsus.
