2874 4796
290 466 353 551 ιιι
615 465 660 528 u.
689 461 833 528 annm
857 461 1036 530 sannen

289 613 362 659 esse
376 589 510 658 ternio.
529 589 560 656 Ο
577 612 629 654 me
645 584 873 664 abdicandum
887 590 917 673 ¹,
940 589 969 656 si
989 573 1088 656 talem
1105 601 1238 681 patrem
1257 590 1357 658 relin-

290 731 370 799 quo.
398 705 493 800 Quid
517 729 571 772 mc
599 705 709 772 videri
735 703 855 788 velim,
883 705 1010 772 nescio.
1037 707 1286 774 Innocentem?
1303 707 1357 775 sed

288 823 429 891 abdicor
452 849 460 889 ι
483 822 688 889 nocentem?
712 819 773 888 sed
798 820 954 912 adeptor.
985 823 1082 903 Non,
1113 837 1152 889 ut
1173 824 1210 889 in
1233 826 1357 892 caeteris

288 939 582 1020 abdicationibus,
602 937 638 1004 in
656 961 731 1004 mea
748 953 911 1030 potestate
929 955 980 1005 est
1000 961 1068 1006 non
1085 937 1255 1007 abdicari.
1278 943 1357 1008 Per-

287 1057 422 1126 diturus
436 1079 510 1127 sum
526 1071 675 1150 patrem,
697 1055 726 1122 si
743 1053 908 1126 abdicor:
926 1055 1123 1148 perditurus
1137 1079 1231 1138 sum,
1251 1061 1278 1126 si
1295 1082 1358 1128 uon

284 1174 437 1245 abdicor.
466 1171 562 1265 Quid
589 1173 753 1253 interest,
782 1185 896 1238 utrum
921 1174 1052 1264 ejiciar,
1081 1197 1125 1240 an
1149 1174 1355 1243 transferar?

287 1290 375 1360 Etsi
394 1287 582 1383 parendum
601 1287 638 1355 in
653 1287 810 1358 omnibus
827 1291 932 1382 patri,
952 1291 989 1356 in
1006 1313 1046 1358 eo
1063 1312 1132 1357 non
1147 1288 1338 1382 parendum
1348 1340 1357 1374 ,

282 1430 351 1500 quo
377 1405 547 1490 efficitur,
576 1427 620 1472 ne
646 1420 742 1496 pater
767 1405 822 1472 sit.
853 1405 965 1474 Grave
984 1421 1058 1490 est,
1085 1427 1204 1472 carere
1230 1406 1357 1474 unico:

284 1523 419 1615 gravius
446 1545 511 1603 eo,
544 1544 645 1613 quem
678 1519 789 1587 alius'
821 1521 1043 1614 concupiscit.
1082 1523 1159 1589 Non
1187 1519 1357 1590 deiectant

286 1640 394 1731 ignoti
414 1661 589 1708 servorum
610 1635 748 1704 domiuo
769 1660 912 1728 greges,
932 1661 996 1704 nec
1013 1639 1169 1704 sonantia
1187 1637 1256 1704 laxi
1276 1639 1359 1706 ruris

288 1749 478 1842 ergastula3
497 1764 626 1842 patrem
645 1749 750 1842 gratis
766 1772 854 1819 amo.
870 1752 1017 1818 Necesse
1032 1765 1083 1819 est
1098 1765 1135 1818 ut
1150 1753 1289 1818 timeam
1304 1753 1359 1818 in-

286 1865 419 1935 felicem
444 1864 563 1932 liberis
587 1863 737 1932 domum.
763 1867 840 1942 Non
861 1883 971 1960 potest
986 1867 1132 1936 inveniri
1156 1869 1359 1936 reconcilia·

288 1980 391 2049 tionis
409 1982 522 2074 aptius
541 1997 692 2074 tempus3
712 1981 808 2050 dives
825 1981 913 2082 filios
928 1985 1061 2076 quaerit.

333 2127 448 2198 PARS
463 2126 658 2198 ALTERA.
670 2129 833 2220 Magnum
848 2143 882 2196 et
895 2128 962 2198 boc
977 2130 1068 2197 inter
1081 2145 1202 2198 cratem
1214 2153 1360 2224 pauper·

289 2245 369 2314 tatis
385 2243 599 2314 incommoda
613 2261 680 2333 ast,
698 2244 792 2336 quod
805 2236 1054 2315 abdicationem
1069 2249 1160 2318 filius
1172 2273 1244 2316 non
1256 2251 1358 2318 timet.

285 2359 503 2430 Senatorium
518 2357 664 2452 gradum
678 2382 798 2428 census
809 2361 974 2440 ascendit.
987 2365 1117 2432 Census
1131 2366 1284 2455 equitem
1297 2367 1360 2432 Ro·

290 2503 425 2547 manum
442 2476 577 2570 apiebe
595 2478 756 2545 secernit.
774 2479 904 2546 Census
918 2481 952 2546 in
969 2482 1087 2549 castris
1105 2482 1263 2551 ordinem
1284 2506 1363 2576 pro-

291 2613 414 2664 movet.
433 2595 546 2663 Censu
555 2593 661 2687 judex
681 2595 718 2661 in
736 2593 809 2661 foro
829 2595 967 2688 legitur.
988 2597 1136 2666 Facilius
1149 2615 1361 2693 estpauper-

292 2730 393 2782 tatem
411 2711 568 2796 laudare,
585 2733 686 2803 quam
706 2710 808 2778 ferre.
826 2713 863 2780 Si
880 2714 1066 2796 emendati,
1088 2718 1200 2810 inquit
1210 2768 1221 2800 ,
1239 2717 1364 2785 fuerint

295 2827 397 2896 iiberi
417 2827 505 2912 mei,
531 2823 668 2892 babebo
688 2823 781 2892 bunc
799 2848 875 2894 cum
890 2825 980 2914 iliis3
998 2832 1024 2897 si
1043 2831 1361 2922 perseveraverint,

296 2942 429 3012 habebo
443 2963 506 3035 pro
519 2939 599 3008 iilis.

340 3057 504 3126 EXTRA.
531 3054 629 3124 Aridi
654 3055 896 3126 declamatores
916 3057 1051 3127 fidelius
1073 3084 1160 3152 quos
1175 3084 1366 3154 proposue-

295 3176 364 3242 rint
388 3173 519 3241 colores
546 3187 705 3259 tuentur3
726 3196 795 3242 non
822 3175 913 3241 enim
930 3175 1073 3268 aiicujus
1092 3180 1270 3246 sententias
1287 3178 1365 3246 dui-

294 3289 378 3358 cedo
396 3289 567 3383 subrepit,
587 3289 718 3358 nulium
739 3291 874 3359 schema
893 3291 1061 3362 sollicitat.
1078 3293 1134 3361 Sic
1149 3317 1226 3386 quse
1245 3293 1365 3370 maiam

296 3407 414 3474 facicm
425 3403 568 3492 habent,
583 3419 669 3502 saepe
680 3406 812 3500 pudicas
825 3425 902 3476 sunt
920 3435 928 3474 ι
945 3433 1012 3476 non
1026 3410 1158 3477 animus
1172 3410 1242 3479 iliis
1256 3412 1364 3491 deest,

293 3523 353 3591 sed
370 3540 563 3617 corruptor.

343 3645 475 3712 Gonnos
488 3634 622 3712 Vrsrus³
638 3642 702 3711 iuit
716 3661 783 3711 tam
796 3667 924 3736 magnoe
935 3644 1016 3712 olim
1031 3645 1250 3736 eloquentie,
1266 3669 1365 3738 quam

294 3776 409 3855 postca
434 3759 587 3829 insaniae.
614 3763 677 3830 Cui
701 3761 767 3829 boc
790 3761 953 3830 accidisse
973 3762 1032 3830 uni
1050 3764 1137 3844 seio,
1158 3779 1198 3829 ut
1214 3763 1259 3830 ad
1277 3766 1366 3832 insa·

294 3930 361 4002 apud
373 3930 470 3983 Sobott.
482 3929 589 3983 etFrob.
599 3929 763 3983 Aliitantam
774 3942 804 3984 ut
888 3951 910 3982 ι.
921 3932 1008 4004 Quem
1017 3936 1096 3986 attus.
1109 3931 1281 4004 Quemfidius
1290 3935 1364 3988 Frob.

293 4013 391 4064 νῖκαι.
540 4035 542 4040 ·
853 4022 878 4066 et
891 4009 935 4063 lib.
946 4022 1006 4064 vett.
1016 4009 1112 4066 &boec

329 4109 349 4142 ι.
366 4088 442 4142 Ome
452 4090 638 4147 abdicandum.
651 4089 702 4142 Atii
720 4109 804 4144 ome-
886 4088 909 4140 3.
926 4091 1023 4144 Gallus
1050 4089 1150 4146 Wdr’us.
1174 4091 1230 4146 Atii
1250 4093 1363 4151 Nitens:

292 4165 342 4218 rito
353 4167 548 4232 abdicandum
562 4180 587 4220 ot
596 4178 671 4229 antea
680 4167 746 4238 dono
757 4187 801 4239 pro
851 4167 898 4236 sed
909 4167 1007 4228 vitiose·
1020 4167 1138 4224 saturus
1150 4169 1291 4242 legendum
1307 4189 1365 4226 trs·

293 4239 372 4293 beate.
853 4245 896 4297 det
911 4247 991 4301 Caius
1004 4246 1109 4299 Vibius.
