2874 4768
311 449 376 528 eol
434 445 481 508 Μ.
507 440 545 506 A.
570 437 746 508 sannen
770 439 868 503 axe.
895 437 1024 502 cour.
1050 439 1088 502 a.
1113 437 1183 520 1x‚
1209 437 1243 502 6.

310 572 568 654 filimnoverca,
586 565 729 633 nemori
751 561 887 655 quidem
911 563 1038 656 potuit,
1055 564 1119 632 niai
1138 581 1171 631 et
1184 563 1374 632 occideret.

312 689 354 755 ln
373 683 612 780 gladiatoribus
627 703 762 773 quoque
778 679 927 746 conditio
945 678 1029 746 dura
1050 681 1188 748 victoria
1202 695 1274 762 eat,
1297 705 1375 749 cum

312 802 475 873 moriente
490 798 683 891 pugnantia.
702 793 839 862 Nullum
856 796 961 886 magis
977 795 1208 864 adversarium
1227 798 1371 880 timeaa,

311 942 412 1010 quam
430 917 490 1008 qui
506 915 618 982 vivere
631 935 698 978 non
716 928 845 1004 potest,
862 912 1016 979 occidere
1030 927 1152 1004 potent.
1169 913 1375 981 Concitatis-

313 1033 396 1100 aima
413 1028 589 1097 eet-rabies
606 1029 641 1093 in
659 1025 913 1119 desperatione,
939 1041 972 1092 et
992 1042 1099 1093 morte
1121 1026 1241 1095 ultima
1263 1030 1302 1094 in
1322 1028 1374 1095 fu-

315 1168 426 1214 rorem
441 1144 572 1211 animus
596 1139 794 1232 impellitur.
819 1137 982 1230 Quaedam
1007 1139 1086 1208 ferte
1107 1141 1179 1232 ipaa
1199 1140 1268 1208 tela
1281 1165 1374 1209 oom-

311 1260 489 1343 mordent,
521 1274 555 1325 et
578 1258 614 1323 in
644 1256 759 1323 mortis
788 1270 958 1323 auctorem
993 1279 1055 1349 per
1081 1255 1222 1324 vulnera
1252 1273 1367 1324 ruunt.

314 1374 488 1446 Gladiator
513 1396 611 1465 quem
631 1386 775 1438 armatus
799 1369 953 1464 sugeret,
975 1369 1087 1439 nudna
1102 1372 1317 1463 insequitur3
1336 1389 1370 1440 et

314 1489 515 1585 praecipitati
529 1511 597 1554 non
616 1484 707 1577 quod
726 1485 860 1577 impulit
879 1500 1007 1552 tantum
1028 1483 1188 1571 trabunt,
1209 1485 1269 1554 aed
1282 1486 1368 1578 quod

316 1606 479 1676 occurrit.
493 1602 644 1672 Naturali
658 1601 801 1693 quodam
814 1601 996 1694 deploratae
1010 1601 1130 1668 mentia
1142 1602 1287 1690 affectu,
1303 1627 1368 1670 ruo

314 1720 480 1788 rientibua
499 1718 721 1810 gratissimum
736 1729 786 1782 eat
801 1717 974 1782 commori.
993 1715 1025 1782 Ο
1039 1715 1251 1784 mendacium
1264 1718 1368 1784 simile

315 1831 492 1903 veneficio!
510 1834 588 1901 dum
601 1854 753 1899 novercae
768 1833 938 1912 meminit,
956 1833 1070 1899 matria
1083 1829 1262 1900 oblitaeat.
1273 1836 1365 1916 Peto,

314 1974 360 2019 ne
371 1952 451 2043 quia
464 1926 571 2017 lilium
585 1947 774 2029 vindicavi,
792 1946 895 2015 liliam
909 1947 1046 2044 perdam
1060 1973 1068 2013 :
1080 1948 1147 2014 nioi
1162 1952 1366 2032 succurritis,

316 2088 462 2133 noverea
474 2065 574 2145 vicit,
595 2086 657 2154 ego
672 2066 779 2130 victua
792 2086 878 2130 aum.
894 2065 945 2129 Ne
956 2064 1048 2130 inter
1060 2063 1225 2156 supplicia
1238 2065 1366 2156 quidem

317 2179 442 2268 desinit
449 2178 616 2248 occidere.
628 2179 739 2245 Prosit
748 2175 838 2269 apud
851 2201 921 2260 voa,
937 2177 1072 2270 puellae,
1089 2179 1181 2269 quod
1194 2195 1293 2272 pater
1301 2205 1365 2249 eam

254 2281 256 2288 ¹
318 2295 433 2363 laudat
452 2321 460 2360 ι
476 2294 603 2387 prosit,
631 2291 725 2384 quod
748 2307 853 2362 mater
874 2308 1021 2360 accusat.
1045 2295 1212 2377 Conscia,
1241 2297 1363 2387 inquit,

319 2425 369 2478 eat
395 2410 578 2508 filiaaaligo
604 2407 754 2498 torqueri
777 2408 882 2500 caepi,
903 2431 1046 2477 noverca
1064 2424 1237 2502 torquere.
1263 2411 1366 2480 Habui

318 2522 425 2590 filium
442 2521 565 2604 talem,
583 2534 620 2588 ut
632 2519 725 2588 illum
740 2541 854 2588 amare
866 2537 978 2615 poaaet
989 2546 1153 2605 noverca,
1170 2525 1237 2592 niai
1253 2526 1289 2593 in
1301 2548 1365 2592 eam

316 2637 511 2722 incidisset,
540 2660 614 2728 quae
638 2634 746 2704 odisse
767 2637 866 2704 etiam
887 2636 990 2704 filiam
1012 2653 1136 2730 poscet.
1155 2641 1280 2708 Servus
1294 2639 1365 2707 furti

317 2767 444 2834 tortus,
469 2752 629 2819 Catonem
649 2753 819 2820 conscium
843 2752 939 2840 dixit.
964 2754 1082 2821 Utrum
1105 2754 1181 2845 plue
1200 2755 1367 2822 tormentit

289 2937 293 2944 ,
309 2868 471 2949 creditis,
487 2889 531 2933 an
549 2849 669 2934 Catbni
680 2868 695 2933 i
708 2865 803 2958 Quid
820 2891 963 2937 noverca
977 2885 1045 2946 ,tarn
1064 2861 1164 2954 aere,
1179 2870 1293 2962 puella
1305 2886 1367 2938 tam

319 2982 407 3049 cito?
428 2983 468 3048 In
489 2982 554 3048 hoe
575 2983 733 3050 veneficii·
750 3006 864 3075 poenas
880 2983 1001 3066 dabat,
1017 2998 1060 3086 ¹ut
1072 2987 1294 3082 accusationis
1306 2987 1368 3054 cri·

319 3111 426 3189 geret.
517 3171 522 3180 ⁴

365 3267 476 3335 PARS
484 3257 672 3336 ALTERA.
684 3265 915 3358 Quarumdam
926 3267 1071 3336 ferarum
1082 3267 1184 3337 catuli
1195 3291 1272 3337 eum
1282 3267 1365 3336 rabie

320 3399 503 3451 nascuntur
518 3408 525 3449 :
538 3406 668 3451 venena
677 3406 697 3448 a
707 3381 878 3451 radicibus
890 3384 998 3450 statim
1009 3384 1168 3475 pestilera
1179 3400 1271 3452 aunt.
1283 3381 1365 3476 Quid

319 3500 378 3567 illa
388 3523 461 3591 quae
474 3499 609 3568 fratrem
622 3501 658 3566 in
672 3497 797 3565 moram
811 3499 982 3589 sequentia
994 3500 1100 3592 patria
1113 3501 1262 3591 aparuit?
1273 3499 1366 3567 babeo

321 3612 524 3705 exemplum,
539 3611 630 3705 quod
644 3627 677 3679 et
690 3612 796 3679 sorori
810 3613 1004 3697 conveniat,
1019 3627 1054 3678 ct
1066 3609 1205 3704 virgini.
1226 3613 1364 3680 Nouerca

295 3767 301 3778 ·
320 3730 358 3796 in
371 3729 436 3798 boc
449 3727 607 3824 privigno
621 3726 716 3796 dedit
728 3750 913 3813 venenum,
932 3743 969 3796 ut
983 3727 1052 3794 lilia
1066 3727 1135 3796 sola
1148 3727 1254 3796 baerea
1267 3744 1364 3796 earet:

218 3834 222 3845 ⁸
322 3843 448 3914 ideirco
466 3844 622 3915 adhibuit
637 3861 670 3914 et
686 3846 868 3912 consciam.

760 4099 943 4125 --αοοο-υ
