2894 4784
339 541 641 610 sussosrsnuu
664 543 807 630 ussa,
833 551 866 614 s.
1025 569 1028 580 ·
1073 553 1137 641 ⁶7⁵

21 715 26 726 ·
67 674 198 754 esset¹,
222 693 264 736 ne
289 671 365 760 quis
390 693 408 734 e
435 668 543 738 tribus
567 670 656 740 hanc
678 679 771 740 tam·
788 676 1137 768 speciosamclemen-
1191 723 1193 728 -
1235 651 1241 668 .

69 786 132 852 tiae
160 784 366 850 occasionem
392 785 614 876 praeriperet3
643 785 781 854 fortasse
805 787 904 856 irasci
930 790 1133 875 Antonium,

68 901 137 990 qui
156 922 199 966 ne
218 899 300 966 tanti
315 895 459 989 quidem!
467 915 616 990 putasset
634 899 730 967 illum
756 927 856 992 quem
878 920 1024 997 rogaret.
1042 909 1139 999 Fuga

69 1038 178 1106 quam
211 1012 399 1106 periculosa
432 1028 542 1094 esset,
574 1037 676 1104 quum
704 1013 952 1109 descripsisset,
983 1020 1134 1111 adjecit:

70 1127 304 1218 Quocumque
316 1127 546 1218 pervenisset,
561 1125 774 1196 serviendum
790 1125 842 1196 illi
859 1153 930 1220 esse
944 1159 952 1196 :
965 1129 1142 1200 ferendum
1250 1196 1254 1205 .

71 1258 137 1309 aut
153 1241 258 1310 Cassii
276 1240 492 1324 violentiam,
512 1254 570 1309 aut
586 1241 680 1310 Bruti
694 1242 905 1334 superbiam,
922 1260 980 1312 aut
991 1241 1144 1339 Pompeii

72 1359 267 1438 stultitiam.
288 1355 435 1457 Quando
462 1359 498 1423 in
521 1355 611 1425 hanc
634 1359 818 1426 suasoriam
846 1358 1048 1444 incidimus,
1074 1387 1144 1430 non

71 1471 227 1538 alienum
250 1483 353 1561 puto,
376 1468 547 1553 indicare,
574 1468 740 1561 quomodo
763 1471 907 1562 quisque
925 1495 961 1540 se
978 1496 1018 1542 ex
1034 1475 1143 1544 histo·

75 1585 161 1654 ricis
175 1583 335 1653 adversus
350 1583 543 1651 memoriam
557 1585 731 1654 Ciceronis
745 1587 898 1679 gesserit.
915 1589 1067 1681 Namque
1083 1589 1144 1659 Ci-

74 1724 160 1769 cero
177 1724 241 1767 nec
259 1716 325 1767 tam
343 1697 481 1768 timidus
504 1699 630 1788 luerit,
653 1717 691 1770 ut
706 1716 841 1796 rogaret
855 1701 1062 1786 Antonium,
1080 1727 1144 1772 nec

75 1834 148 1885 tam
175 1815 314 1902 stultus,
342 1831 379 1884 ut
398 1817 527 1884 exorari
548 1838 647 1910 posse
669 1830 836 1910 speraret,
866 1841 964 1887 nemo
989 1817 1143 1907 dubitat,

1 2007 2 2010 Ἴ
76 1949 220 2024 excepto
245 1931 364 1998 Asinio
386 1931 556 2010 Pollione,
583 1932 643 2021 qui
660 1931 893 2000 infestissimus
912 1928 1025 2002 tamae³
1044 1936 1148 2016 Cice-

9 2111 29 2126 „
77 2045 176 2114 runis
193 2046 398 2140 permansit,
420 2060 455 2112 et
478 2047 508 2112 is
527 2045 627 2113 etiam
646 2045 855 2116 occasionem
873 2046 1081 2118 scholasticis
1095 2049 1146 2116 al-

76 2161 187 2230 terius
211 2163 375 2232 suasorias
394 2160 500 2229 dedit.
522 2160 638 2230 Solent
660 2163 750 2230 enim
770 2163 960 2232 scholastici
978 2163 1148 2234 declama-

79 2293 174 2345 tores
193 2299 346 2370 ponere:
366 2275 538 2342 Deliberat
562 2274 695 2356 Cicero,
714 2301 759 2343 an
772 2282 983 2367 promittente
1007 2281 1146 2346 sanum

77 2391 244 2472 Antonio,
261 2395 426 2458 orationes
441 2415 517 2456 suar
531 2390 710 2457 comburat.

78 2586 115 2636 Ar
137 2582 187 2656 899
207 2584 237 2635 L.
257 2583 391 2644 Domitio,
413 2585 462 2654 Ap.
479 2579 589 2634 Claudio
671 2577 694 2632 3.
708 2578 766 2650 Qui
772 2579 955 2652 esseestsstoms
955 2582 1051 2651 somoe
1062 2581 1145 2635 Pollio

81 2661 155 2714 Coos.
176 2672 204 2712 ut
215 2659 338 2714 Asconius
358 2658 406 2720 uit,
425 2655 543 2711 eumdem
562 2655 590 2708 in
640 2655 770 2710 Ciceronis
787 2656 878 2728 gloria
893 2656 1012 2710 inridens
1025 2657 1147 2727 eloquen-

79 2738 191 2813 gratiom
212 2749 339 2810 receptum
361 2737 475 2790 defendit
494 2753 501 2787 t
519 2735 589 2805 cuius
639 2733 700 2784 tium
714 2731 766 2803 ejus
779 2731 850 2786 liltris
862 2733 935 2787 editis
948 2734 1050 2786 inimice
1062 2735 1146 2788 insse·

79 2815 144 2869 aeri
154 2816 194 2868 sui
204 2817 327 2868 rationem
338 2814 449 2868 reddidit
457 2815 487 2867 P.
495 2813 590 2866 Ientu·
639 2821 703 2863 tatus
715 2821 763 2874 est,
774 2817 804 2863 ut
815 2829 845 2864 es
853 2809 1011 2880 Quintiliano
1024 2829 1077 2865 nou
1090 2831 1144 2864 uno

81 2894 124 2957 lo,
135 2892 198 2946 bene
208 2893 287 2967 longa
296 2890 455 2966 epistololils,
463 2893 490 2958 i,
500 2889 532 2944 sd
540 2890 591 2942 Fa·
638 2889 708 2954 loss,
720 2887 807 2942 Tacito
818 2901 844 2942 ot
852 2888 938 2944 Gellio
949 2888 993 2942 tit.
1010 2909 1036 2956 ¹7
1049 2889 1147 2943 elerum

80 2970 207 3023 miliares.
218 2967 315 3024 Sesars.
362 2969 368 2981 '
640 2978 683 3019 est.
706 2967 783 3036 Quod
802 2985 832 3018 oo
851 2965 937 3020 minus
956 2965 1052 3019 mirum
1065 2978 1102 3018 ost
1117 2966 1146 3019 in

122 3045 592 3118 1.Quiquomorouseeser.seripoo-
640 3044 742 3108 Asinio,
764 3043 879 3114 quinon
900 3043 979 3098 unius·
999 3043 1146 3108 Ciceronis,

81 3136 126 3178 rat
145 3126 203 3178 tort
220 3123 317 3178 Seuero
329 3143 336 3178 t
349 3128 396 3196 poi
410 3143 470 3178 arm
489 3143 534 3176 ιιι
552 3127 594 3177 er‘r
639 3122 846 3176 sodotomnimn
856 3141 929 3194 poeno
939 3141 1090 3194 magnorum
1102 3123 1150 3174 ho·

81 3213 167 3270 esser,
185 3203 268 3255 trihus
289 3203 355 3255 honr
371 3213 427 3254 tom
438 3221 503 3270 spec·
519 3205 591 3256 dem.
639 3201 738 3253 minum
746 3200 982 3254 lmobtreotavit.
989 3203 1056 3253 Nom
1069 3216 1093 3254 st
1102 3201 1148 3253 Li-

81 3300 167 3336 occos
179 3284 332 3350 preriperet.
344 3279 441 3332 Sciron.
544 3293 548 3300 ·
639 3277 709 3332 rium
720 3277 917 3332 ,Patavinitotenr
936 3278 1049 3330 redolere
1068 3276 1147 3340 dixit,

121 3373 145 3407 o.
155 3355 197 3407 Ne
206 3357 264 3422 qur's
273 3375 288 3409 e
299 3356 381 3410 rn'bus
392 3355 521 3407 iunctm
529 3373 591 3423 spo-
640 3366 666 3407 et
672 3366 761 3408 sonna
770 3353 894 3407 Plancum
904 3353 1029 3408 orationes
1039 3352 1147 3425 scripsit,

81 3437 193 3490 riorum.
204 3431 309 3486 Videtur
324 3431 373 3485 hoc
391 3431 489 3496 dicere,
505 3434 592 3483 Anto·
640 3449 703 3502 quos
713 3442 798 3482 umen
810 3429 859 3486 niti
869 3429 915 3484 illo
926 3442 1044 3496 mortuo,
1054 3449 1087 3482 no
1101 3449 1148 3483 re-

83 3512 160 3566 nium
179 3529 209 3562 eo
224 3509 323 3564 lucilius
339 3508 493 3584 parciturum
513 3507 592 3560 Cice-
641 3508 792 3582 sponderet,
812 3509 935 3584 puhliorri
959 3511 1058 3576 noluit;
1078 3510 1157 3574 idem,

83 3587 159 3654 roni,
171 3605 204 3640 ns
215 3585 269 3658 quis
280 3585 343 3639 alius
356 3607 370 3639 e
381 3585 455 3640 sociis
467 3585 537 3638 illum
545 3584 593 3640 sibi
644 3585 817 3656 Quintilianus
835 3600 935 3653 auctor,
955 3601 980 3641 et
999 3587 1098 3640 Plinius
1119 3587 1147 3637 in

83 3666 179 3722 unsri
194 3663 324 3722 Ciceronis
340 3664 447 3736 gloriam
460 3661 595 3737 proripiat.
643 3663 789 3736 prelatiouo
805 3665 932 3720 Naturalis
948 3665 1074 3720 Historia.
