2876 4804
179 263 236 330 os
260 263 394 332 lucr.
420 265 475 330 ur
497 263 696 333 oscum.
724 239 947 336 sturmus(
1021 267 1067 338 33

60 383 183 444 lioemms
191 383 344 470 aqualem
355 385 522 474 Senecam,
535 381 579 448 sic
591 399 623 447 et
631 383 711 450 illud
721 403 894 450 commune
903 386 1050 452 habuisse
1060 413 1075 462 :v

59 502 157 552 mtrem
174 489 322 554 nimirum
353 489 397 554 M.
432 489 526 554 Tullii
556 490 706 571 Euhium,
734 493 799 556 sive
830 493 980 556 Helviam
1003 517 1070 558 esse

60 591 157 674 dinam,
179 611 213 658 ut
236 597 268 658 in
294 595 464 660 Chronicis
486 597 689 678 Eusebianis,
708 603 749 662 ‘et
762 589 852 662 Pauli
874 599 1006 666 Diaconi
1029 601 1072 666 ad

57 698 209 786 Eutropium
225 701 465 784 additamentis,
483 719 545 766 eta
563 696 738 767 Plutarcho
751 705 784 766 in
799 705 950 770 Romanis
969 731 1070 796 quaes-

31 795 33 862 Ξ
59 803 450 895 ionibusappellatur(nam
463 810 497 872 in
510 809 573 872 vita
583 812 651 894 ejus
662 809 742 872 male
751 809 913 897 hodieque
937 812 1069 896 ὸλὸίαν,

58 927 100 990 pro
113 906 207 979 ntiae
220 910 336 998 edunt)
343 935 352 992 ;
360 911 405 974 sic
422 927 453 975 et
463 912 574 975 Annaei
586 911 712 976 seneca
723 911 907 1000 philosophi
920 927 1069 994 matrem,

58 1007 152 1076 Senem
173 1017 269 1079 nostri
287 1013 446 1099 uxoreml
467 1017 617 1082 Heibiom
637 1017 770 1100 dictam,
793 1019 826 1082 in
845 1017 981 1106 antiquis
1004 1018 1071 1104 qui-

59 1117 123 1200 dem,
141 1136 167 1183 ct
184 1123 310 1209 optimis
330 1123 540 1205 membranis3
562 1144 644 1204 non,
669 1140 706 1187 ut
724 1125 821 1213 vulgo
841 1124 962 1205 editur,
980 1123 1072 1187 Albi-

58 1225 163 1306 nan,ad
174 1250 266 1314 quam
279 1243 313 1291 et
329 1223 385 1292 lilii
400 1229 600 1312 Consolatio,
616 1252 673 1294 seu
686 1230 719 1294 iri
731 1229 869 1294 adversis
880 1229 1071 1317 alloquium,

58 1331 248 1398 cumuletur.
276 1335 417 1398 Patriam
443 1358 574 1423 quoque
602 1335 784 1400 Cordubam
809 1336 973 1416 habuisse,
1003 1356 1074 1421 quae

58 1432 145 1498 Baetoe
163 1438 235 1501 urbs
258 1437 398 1503 Patricia
420 1440 479 1504 col.
506 1439 707 1528 indigetatur.
731 1439 853 1503 Verum
876 1439 915 1503 ad
941 1461 1009 1520 rem
1038 1456 1074 1502 ut

60 1539 167 1623 rodoam,
183 1567 223 1607 ne
234 1561 367 1610 summo·
375 1549 448 1632 jure
463 1570 538 1611 cum
553 1545 858 1636 adversariisagere,
872 1562 903 1610 et
915 1545 1074 1609 advirum

59 1669 165 1713 roacare
180 1654 286 1716 onmia
304 1653 433 1733 videar,
449 1653 561 1716 demus
582 1674 681 1717 annos
702 1654 869 1717 minimum
888 1652 999 1716 decem
1018 1675 1073 1715 na-

63 1763 113 1813 tun
125 1755 276 1834 rhetorem
294 1756 557 1838 Cordubensem,
581 1779 621 1821 eo
641 1757 793 1822 nimirum
812 1781 896 1822 anno
919 1779 982 1847 7¹⁰
1003 1774 1076 1845 post

62 1853 89 1917 U.
103 1858 128 1921 G.
142 1883 200 1947 quo
216 1863 334 1927 Cicero
358 1863 399 1927 ab
419 1865 560 1927 Antonio
582 1880 628 1927 est
651 1863 837 1927 interfectus
857 1885 864 1927 :
887 1883 1074 1946 excurrant,

62 1956 102 2018 nisi
112 1982 151 2022 rue
162 1963 298 2028 calculus
317 1964 412 2045 fallit,
431 1965 471 2029 ad
486 1967 626 2030 Neronis
639 1965 766 2053 imperii
783 1964 1005 2045 undecimum,
1021 1967 1076 2053 qui

62 2077 93 2124 ot
104 2061 167 2147 818,
184 2086 314 2134 centum
330 2073 362 2133 e't
379 2069 596 2160 duodeviginti
608 2073 691 2135 anni.
713 2071 834 2133 Verum
857 2071 898 2134 ad
918 2071 1076 2135 Tiberiani

62 2164 152 2253 inperii
166 2191 305 2256 sextum,
336 2197 402 2261 quo
421 2177 520 2239 exacti
542 2176 649 2260 Italia,
666 2176 700 2238 in
725 2175 964 2263 Sardiniamque
982 2178 1075 2264 pesti-

63 2267 150 2337 lentem
161 2277 289 2344 insulam
303 2279 463 2367 deportati
477 2282 494 2344 J
497 2279 591 2360 udaei,
609 2281 724 2344 absunt
739 2282 905 2345 minimum
924 2283 997 2345 anni
1009 2281 1076 2346 duo
1152 2369 1155 2376 ‚

65 2383 249 2470 sexaginta:
271 2405 373 2472 quam
390 2385 476 2471 quis,
492 2386 643 2464 obsecr0,
659 2386 827 2448 Iuventam
843 2402 874 2448 et
890 2409 956 2450 non
971 2388 1077 2474 potius

64 2479 172 2568 bruna,
187 2490 300 2554 malam
324 2489 502 2576 fessamque
515 2505 638 2553 aetatem
659 2489 815 2576 appellet?
831 2490 990 2576 Equidem
1011 2514 1077 2556 non

64 2579 167 2670 inficior,
179 2590 398 2656 adolescentes
415 2590 572 2678 quosdam
590 2589 630 2654 ad
650 2591 844 2654 tricesimum
867 2613 1004 2677 usquea
1027 2591 1078 2654 Ci-

65 2705 153 2755 cerone
163 2698 351 2784 appellatos:
368 2695 424 2760 sed
435 2699 491 2784 qui
502 2697 637 2760 alterum
657 2711 798 2776 tantum,
814 2710 846 2758 et
864 2694 953 2782 quod
965 2718 1077 2760 excur-

66 2793 261 2887 matribus,
277 2803 418 2869 arbitror
429 2803 525 2867 fuisse
537 2803 708 2868 neminem.
726 2802 790 2866 Sed
807 2803 903 2890 agite,
926 2803 1079 2890 quoniam

64 2899 123 2982 jactu
136 2923 175 2970 est
187 2909 267 2992 alea,
286 2926 321 2974 et
335 2931 410 2974 eum
426 2909 644 2998 pervicacibus
658 2909 751 2972 nobis
768 2931 818 2971 res
834 2924 895 2988 est,
914 2909 1022 2996 plura,
1038 2929 1080 2972 ne

68 3019 113 3071 lam
124 3035 295 3100 numerare,
308 3041 405 3105 quam
416 3033 578 3080 momenta
589 3016 749 3080 rationum
760 3014 943 3103 appendere
954 3015 1079 3098 v'idear,

66 3131 217 3206 ”amenta
230 3123 443 3213 proferamus.

97 3219 126 3284 lti
139 3226 240 3292 eadem
252 3230 306 3294 illa
318 3227 358 3292 ad
375 3227 531 3292 Lucilium
545 3227 632 3315 epist.
645 3225 763 3291 Tiberii
779 3249 812 3290 se
827 3228 961 3315 imperio
973 3229 1083 3291 Romae

68 3319 138 3390 subsc
153 3333 189 3395 ait
207 3357 214 3397 :
233 3359 304 3399 non
325 3335 422 3423 igitur
440 3335 473 3398 in
497 3333 622 3398 colonia
644 3333 844 3397 Cordubensi
867 3348 1025 3421 perpetuo
1049 3355 1083 3396 se

31 3471 33 3528 ᾖ
68 3428 205 3514 conflauit,
222 3437 255 3500 in
276 3437 349 3524 ipso
370 3434 529 3499 bellorum
553 3435 691 3498 civilium
711 3435 823 3498 furore
842 3458 849 3498 :
867 3435 956 3522 quod
977 3453 1083 3500 tamen

69 3527 167 3600 &nece
180 3559 290 3606 nostro
306 3541 347 3606 de
367 3565 400 3606 se
414 3541 506 3605 Praef.
522 3541 818 3604 Controversiarum
835 3541 1003 3606 affirmanti
1019 3565 1085 3607 cre·

31 3707 33 3724 k
71 3629 126 3700 dere
133 3645 276 3732 cogimur.
288 3647 416 3712 Tacitus
426 3663 578 3735 praeterea
589 3647 673 3710 Ann.
681 3647 757 3710 XVI
767 3670 795 3710 :u
807 3649 954 3728 Annene,
964 3648 1084 3735 inquit,

31 3749 33 3796 ?
73 3737 155 3810 ‘Mela
172 3773 265 3838 eques
285 3754 323 3817 R.
348 3753 497 3840 dignitate
518 3753 688 3834 senatoria,
710 3753 826 3840 quibus
840 3753 968 3834 Gallio,
981 3770 1012 3817 et
1036 3753 1086 3816 Sc-

31 3805 33 3936 l
73 3861 154 3910 “11002
173 3855 356 3938 parentibus
379 3869 486 3934 natus,
510 3853 664 3944 petitione
689 3855 853 3918 honorum
878 3855 1086 3934 abstinuerat,

31 3951 33 4026 i
74 3967 139 4032 ‘Per
152 3958 349 4024 ambitionem
371 3975 610 4047 pmposteram,
634 3975 671 4024 ut
691 3978 789 4045 eques
809 3960 848 4024 R.
866 3957 1088 4024 consularibus

111 4071 126 4108 ¹·
135 4053 236 4122 Seneca
244 4085 317 4147 pars
331 4063 481 4124 secwrda..
881 4119 909 4145 L,
980 4063 996 4120 3
