2874 4796
242 498 477 571 EXCERPTA
499 499 665 569 CONTR.
692 501 775 568 LlB.
800 501 873 586 111,
898 502 932 568 6.
1062 505 1127 596 509

56 648 218 726 tyrannus
239 628 374 697 occiana
391 642 454 695 eet.
472 629 649 719 Tanquam
664 627 898 720 tyrannicida,
915 631 1126 699 monstraris.

56 747 190 831 Redde,
209 747 351 840 inquit,
370 745 522 813 domum.
541 746 593 814 It'a
611 747 689 816 vivo
708 762 852 840 tyranno
873 771 943 816 non
960 746 1126 841 perdide-

58 888 121 932 rna.
140 858 301 958 Tyranni
319 861 465 942 amicus,
487 863 623 952 tyranni
643 851 775 930 satelles
794 887 805 930 t
826 879 938 946 certe,
956 862 1048 956 quod
1061 889 1129 934 ne-

61 1005 136 1076 gare
151 1005 221 1049 non
248 995 363 1073 putea,
391 976 528 1072 hoepea.
555 979 625 1048 Diu
650 982 863 1073 exspectavi,
888 1005 933 1050 nn
947 982 1127 1073 ejiceretur

60 1100 257 1190 tyrannua¹.
280 1094 429 1164 Facilius
447 1111 543 1191 putee
560 1119 718 1165 accusare
731 1112 790 1164 aut
806 1111 857 1178 te,
876 1096 935 1189 qui
953 1112 1019 1164 tam
1035 1098 1129 1165 fami-

59 1212 148 1282 liarie
164 1232 312 1308 tyranne
326 1211 441 1294 fuisti,
462 1227 500 1280 ut
517 1207 567 1279 illi
589 1210 729 1281 maxime
747 1228 805 1302 tua
823 1213 972 1306 placeret
986 1210 1122 1298 domna,

63 1353 124 1419 qua
142 1329 240 1398 illum
261 1321 422 1420 recepisti
451 1353 459 1394 :
485 1343 544 1396 aut
568 1343 771 1420 tyrannum,
800 1328 859 1419 qui
878 1321 942 1394 tibi
968 1326 1126 1398 damnum

63 1441 172 1530 dedit,
190 1443 286 1538 quod
300 1445 336 1512 in
351 1459 442 1510 tuam
457 1442 592 1511 domum
609 1427 781 1538 cunfugit3
797 1457 857 1511 aut
872 1457 909 1510 ut
923 1443 1022 1537 culpa
1037 1459 1071 1512 tc
1088 1447 1132 1512 li-

63 1558 171 1628 berem
182 1566 209 1644 ²,
221 1558 358 1629 facilins
373 1575 468 1654 poten
481 1583 641 1628 accusare
655 1558 820 1629 fortunam
834 1609 843 1643 ,
855 1582 932 1650 quae
949 1575 1128 1654 tyrannum

63 1676 269 1766 potissimum
284 1675 328 1744 ad
345 1692 379 1745 te
396 1674 530 1744 detulit.

105 1839 216 1908 PARS
235 1835 430 1907 ALTERA.
450 1839 531 1930 Ejus
550 1837 652 1906 debet
668 1861 742 1906 ecee
759 1837 941 1924 damnum,
963 1842 1060 1934 cujus
1079 1863 1130 1912 eat

67 1953 261 2040 praemium.
285 1952 361 2019 Non
390 1966 442 2019 eat
468 1950 649 2043 iniquum,
683 1951 757 2043 ejua
788 1951 837 2019 rei
875 1951 937 2020 tibi
969 1953 1129 2048 injuriam

68 2059 245 2158 imputari,
267 2067 365 2160 cujua
382 2062 528 2137 fructum
547 2068 744 2160 percepisti.
760 2069 838 2136 Non
863 2067 966 2160 elegit
995 2070 1130 2143 domum

67 2194 220 2272 tyrannus
242 2212 251 2251 ι
274 2209 340 2254 nec
359 2186 451 2254 enim
468 2184 535 2253 hoc
551 2181 601 2251 illi
618 2185 759 2253 vacabat
776 2212 784 2252 ε
803 2183 864 2254 aed
881 2187 917 2254 in
936 2211 1009 2256 eam
1028 2215 1128 2282 quam

68 2301 186 2389 potuit,
208 2303 349 2395 irrupit.
367 2302 484 2393 Quum
503 2325 570 2394 ego
584 2302 623 2369 in
641 2325 681 2369 ea
700 2327 767 2370 non
785 2327 891 2370 canem
902 2354 914 2388 ,
937 2322 1056 2374 nactus
1071 2306 1128 2377 hic

70 2417 272 2488 occationem
298 2414 469 2500 nocendi,
494 2418 623 2486 intrare
642 2415 750 2485 noluit
777 2442 785 2482 ε
807 2435 841 2484 et
864 2421 1129 2509 tyrannicidium

69 2528 176 2626 elegit,
197 2534 355 2619 dubium,
376 2533 517 2616 lentum,
533 2529 760 2627 periculosum
777 2530 873 2619 urbi;
892 2539 1023 2630 accepit
1035 2562 1131 2631 prae-

70 2647 176 2735 mium,
189 2655 300 2746 majus
310 2650 383 2720 aine
397 2647 513 2733 dubie,
531 2650 626 2741 quasi
641 2647 801 2716 damnum
817 2650 943 2718 sarcire
958 2645 1126 2726 ’deberet

103 2856 122 2888 ι.
131 2839 176 2891 An
192 2845 324 2905 ejicerem
333 2851 468 2911 tymmtus·
483 2839 571 2892 Minna
620 2837 764 2891 Gronovius
773 2847 847 2909 atque
859 2837 937 2892 editio
948 2839 1086 2914 Bipnntina
1097 2849 1131 2901 ita

72 2910 129 2968 benc
139 2916 182 2971 lib.
194 2918 262 2984 duo,
277 2938 314 2972 un
324 2920 418 2972 exiret·
622 2913 710 2968 edidit.
725 2917 807 2968 Gmn.

102 3013 124 3045 ²·
132 2997 187 3050 Ant
198 3012 227 3053 nt
238 3003 317 3070 wipo
328 3009 353 3052 te
364 2999 477 3053 liberem.
488 2999 571 3051 Mem·
656 2992 680 3044 3·
696 2991 917 3063 Quasidamnum
925 3003 1019 3056 samin
1026 3003 1133 3062 deberet.

72 3065 142 3125 brana
159 3077 232 3131 Voce.
257 3087 306 3130 ant
331 3079 436 3146 culpare
456 3075 572 3130 liberum.
621 3071 677 3126 Alii
691 3077 1073 3143 quamsitdamnnmtsurcire
1086 3091 1132 3142 de-

48 3167 51 3174 ’
73 3145 131 3202 Puto
147 3173 238 3209 novum
259 3155 409 3209 sententiam
428 3173 495 3219 esse,
512 3153 573 3205 scri·
620 3145 670 3202 bet.
682 3147 759 3202 Frob.
773 3171 855 3220 quum
869 3160 895 3209 si
907 3159 1132 3218 damnumsurci·

73 3219 247 3304 btndumqne:
264 3231 302 3286 Ut
315 3236 393 3302 culpa
410 3241 435 3285 te
450 3233 571 3297 liberem,
622 3233 673 3290 ret,
697 3227 766 3280 unde
789 3228 926 3303 legendum
949 3251 1026 3308 putu,
1050 3261 1132 3310 quam

67 3297 168 3369 facilius
187 3322 262 3380 pom
286 3327 408 3368 accusare
422 3310 573 3381 sedunum.
622 3305 649 3356 si
658 3305 739 3358 debet.
752 3303 851 3362 Sciron.
