2874 4796
270 411 503 480 axcaarra
528 413 691 480 corna.
716 415 798 482 ma.
823 415 863 498 1,
892 440 923 482 2.
1073 415 1132 506 47¹

385 623 1135 636 *uncum-Q*-

334 769 768 858 DEGLAMATIO
804 771 867 858 ll.

381 1004 561 1054 SACERDOS
580 1005 816 1053 eaoswwu.
871 965 874 972 Ι

221 1181 297 1242 Lxx.
313 1179 450 1242 Sacerdos
465 1191 541 1240 casta
556 1201 573 1240 e
586 1181 670 1240 caetis
680 1193 701 1254 ¹,
717 1201 789 1260 pura
804 1199 820 1240 e
833 1181 913 1260 puris
926 1181 973 1238 sit.

76 1313 178 1374 Tam.
197 1313 340 1395 Quadam
354 1312 431 1392 carga
446 1335 466 1372 n
477 1313 582 1394 prinae
598 1321 685 1391 cepta
705 1311 797 1370 veniit.
820 1308 927 1390 Empta
941 1332 960 1370 a
979 1313 1095 1386 lenone,
1114 1325 1143 1374 et

107 1414 253 1492 prostituta
269 1423 320 1474 est
347 1411 494 1472 Venientes
509 1413 550 1472 nd
563 1434 594 1473 se
608 1411 750 1472 morabot
763 1411 873 1492 stipem
897 1410 1020 1472 Militem
1036 1415 1087 1494 qui
1103 1415 1144 1474 ad

109 1537 136 1574 se
149 1523 277 1584 venerat,
290 1535 373 1595 praem
387 1534 507 1573 exarant
519 1533 574 1576 nnn
585 1520 694 1591 panset,
705 1511 920 1572 colluctantem¹
930 1520 959 1571 et
970 1511 1023 1570 erin
1039 1509 1143 1590 anferre

107 1616 235 1676 calentem
247 1614 361 1674 accidit.
378 1611 523 1674 Accusata
533 1658 540 1682 ,
556 1611 705 1682 adeodata,
718 1620 748 1670 et
757 1610 875 1674 umam
889 1611 930 1672 ad
940 1631 1004 1672 acas
1016 1621 1068 1670 est.
1082 1611 1142 1671 Pe-

107 1716 150 1774 tiit
163 1714 362 1776 sacerdotium.
382 1711 600 1773 Conndur'tur.

431 1877 485 1946 (Ex
497 1877 615 1929 Contrar.
631 1893 663 1938 a,
675 1875 720 1926 lib.
734 1876 772 1943 1.)

113 2039 420 2110 DECLAMATIO.
438 2037 604 2110 Sacerdna
618 2054 729 2107 vestra
742 2036 856 2106 adhuc
872 2040 907 2105 in
921 2039 1076 2134 lupanari
1090 2043 1140 2110 vi—

73 2175 174 2241 reret,
195 2159 264 2226 nini
282 2159 454 2227 hominem
472 2149 662 2226 accidiaaet.
683 2155 763 2249 Qun
781 2157 865 2226 mihi
888 2149 901 2193 ³
908 2157 1136 2242 sacerdotem,

73 2273 161 2368 cujus
176 2276 486 2370 prccariaeaatitaa
504 2275 580 2342 eat?
595 2273 636 2342 Id
653 2273 743 2344 enim
762 2274 901 2362 deerat,
922 2292 959 2344 ut
978 2299 1035 2344 eae
1051 2293 1137 2345 tcm-

73 2390 122 2484 pla
140 2393 330 2487 recipiant,
353 2407 516 2484 quaeant
538 2413 678 2473 carcer,
703 2406 763 2458 aut
781 2390 925 2484 lupanar
944 2392 1058 2484 ejecit.
1079 2396 1139 2462 In-

70 2504 200 2601 dignam
219 2525 255 2576 te
268 2503 457 2577 sacerdotio
474 2505 643 2587 dicerem,
662 2507 690 2573 ai
708 2507 886 2575 tranaiaaea
901 2530 963 2602 per
977 2507 1134 2602 lupanar.

69 2621 233 2709 Fortuna,
258 2624 390 2716 inquit,
411 2625 482 2717 pati
501 2623 630 2714 coegit,
651 2637 685 2688 et
703 2622 856 2689 misereri
876 2620 1003 2691 debent
1020 2648 1137 2694 omnes

68 2741 139 2808 mei.
160 2741 204 2809 At
222 2764 286 2810 noa
303 2764 373 2808 non
393 2740 535 2808 facimus
553 2735 762 2807 miserandae
779 2737 984 2807 sacerdotes.
1000 2741 1072 2807 Nec
1085 2757 1137 2808 eat

69 2853 152 2946 apud
174 2879 239 2924 noa
257 2855 420 2923 maximus
437 2853 549 2922 honor
565 2853 762 2921 ultimorum
783 2853 947 2922 malorum
963 2853 1131 2923 solatium.

68 2970 216 3040 ltadnmi
236 2967 403 3040 custodita
421 2984 490 3056 eat,
511 2985 550 3037 ut
566 2971 641 3063 rapi
658 2985 785 3064 poaact.
803 2972 853 3039 Ita
869 2993 959 3039 curae
973 2971 1037 3039 fuit
1050 2973 1133 3054 auis,

68 3101 103 3153 at
122 3103 220 3181 rapta
241 3111 312 3156 non
334 3085 563 3156 redimeretur
581 3112 588 3151 :
605 3087 652 3154 ila
669 3101 774 3179 raptae
790 3110 978 3181 pepercere
995 3090 1134 3181 pirarae,

68 3213 102 3266 at
118 3199 235 3268 lenoni
254 3199 468 3268 venderent:
485 3198 535 3267 aie
552 3199 635 3267 emit
653 3199 753 3283 leno,
775 3216 812 3267 ut
833 3201 1045 3293 praetituerit
1063 3229 1070 3268 :
1088 3205 1137 3272 aic

68 3318 242 3385 venientes
262 3316 444 3411 deprecata
461 3331 530 3400 eat,
552 3331 591 3384 ut
607 3312 701 3384 ferro
720 3339 806 3409 apua
830 3335 929 3385 eaaet.
951 3321 1067 3387 Movet
1083 3345 1136 3389 me

68 3449 237 3526 respectae
255 3434 404 3501 omnium
423 3434 614 3524 virginum,
632 3433 661 3500 ai
678 3433 716 3499 in
731 3434 867 3502 civitate
881 3433 975 3502 nulla
990 3437 1138 3506 inveniri

68 3553 211 3641 peterit,
240 3574 306 3619 nec
329 3549 508 3618 meretrice
535 3550 681 3637 aaatiar,
710 3573 776 3618 nec
801 3549 974 3619 homicida
1003 3553 1134 3645 purior.

66 3667 163 3738 Nulla
181 3667 330 3754 eataatia
345 3665 488 3760 pudica,
507 3665 551 3734 de
567 3690 635 3761 qua
650 3667 828 3758 quaeritur.
845 3666 987 3752 Omnea,
1004 3669 1134 3758 inquit,

99 3876 120 3912 1.
139 3859 223 3913 Casta
243 3879 257 3912 e
280 3861 368 3914 castis.
392 3858 578 3932 Praepoeitioe
625 3857 702 3911 nimia
726 3857 829 3932 elegans
852 3859 918 3912 tollit
940 3858 1088 3912 membrana
1107 3860 1138 3912 V.

66 3934 452 4004 eraclianam-bantana
462 3935 574 3990 ctllrob.
625 3937 674 3991 hcc
694 3935 772 3989 mado
791 3938 903 4011 legendo
917 3955 1015 4006 :quum
1026 3955 1138 3990 exarare

67 4011 160 4070 Sclrott.
624 4035 676 4069 nen
684 4026 790 4086 posset,
802 4019 981 4070 colluctantem
992 4023 1018 4066 et
1031 4019 1087 4068 aim
1097 4019 1140 4068 ln-

98 4115 120 4148 a.
132 4095 323 4149 Callucwatmr.
340 4093 391 4148 Alii
402 4103 458 4147 tum
468 4095 575 4148 luctan-
617 4095 696 4160 serre
706 4104 842 4147 conantem
853 4095 953 4148 cecidit.
968 4091 1121 4150 Graeceius.

67 4181 152 4227 temet
165 4175 228 4228 aim·
241 4171 411 4241 lllud,tum,
425 4191 468 4243 per
484 4190 510 4224 re
522 4189 574 4226 nan
658 4173 682 4223 ³.
713 4171 773 4244 Quo
805 4170 870 4225 milri
892 4172 1058 4226 anecdotam.
1088 4164 1140 4225 Alii
