2874 4796
297 415 364 506 472
619 413 667 477 M.
693 409 839 478 ANNAEI
862 405 1044 482 SENECAE

299 541 444 610 exorari.
470 541 507 609 si
531 539 607 632 quis
625 538 758 607 dubitet
772 563 817 606 en
834 539 993 608 meretrix
1008 552 1116 624 esset,
1132 536 1255 622 audiat
1270 565 1375 634 qnam

298 657 423 726 blande
439 658 495 725 sit.
510 659 671 724 Putemus
681 675 750 724 tres
762 654 987 724 sacerdotium
998 671 1115 749 petere
1133 683 1141 724 ε
1157 681 1284 742 nnsm,
1298 683 1375 752 que

299 789 396 867 coptu
412 773 475 858 sit,
498 771 660 856 alteram,
676 795 756 864 quae
770 769 958 865 prostiterit
969 799 979 858 3
991 773 1125 840 tertium
1134 822 1146 859 ,
1163 797 1241 866 quae
1256 776 1374 844 homi-

297 911 376 958 nem
395 887 571 957 occiderit.
591 888 759 957 Omnibus
775 911 877 982 nego.

204 1071 207 1076 '
346 1055 459 1124 PARS
484 1053 676 1123 ALTERA.
706 1053 898 1123 Voluerunt
925 1052 975 1122 dii
1000 1077 1074 1122 esse
1101 1053 1312 1140 miracuio¹,
1336 1057 1373 1123 in

298 1171 433 1265 captiva
443 1168 634 1238 libertatem
641 1218 653 1250 ,
670 1169 707 1235 in
718 1171 899 1262 prostituto
911 1169 1131 1262 pudicitiam,
1147 1170 1185 1238 in
1197 1168 1374 1238 homicida

299 1291 541 1359 innocentium.
556 1289 725 1358 Narront²
743 1309 824 1355 seno
838 1309 958 1355 omnes
971 1302 1131 1379 tunquam
1143 1285 1188 1354 ed
1203 1288 1372 1380 prostitu-

298 1405 520 1487 tnmvenisso,
536 1402 616 1472 dum
632 1419 790 1495 tunquam
803 1425 824 1469 a
836 1401 1012 1472 sacerdote
1025 1400 1236 1472 decesserint
1250 1429 1259 1469 e
1271 1425 1373 1496 qnam

298 1519 423 1615 pudica
440 1521 484 1588 sit
507 1519 605 1588 miles
622 1517 787 1607 ostendit,
805 1541 906 1611 quum
926 1520 1111 1604 innocens,
1128 1517 1254 1611 jude13
1271 1541 1370 1612 quam

299 1635 397 1723 felix,
417 1632 561 1703 reditus.
578 1633 673 1703 Inter
687 1649 737 1702 tot
755 1631 906 1726 pericula
924 1631 975 1701 dii
992 1656 1060 1702 non
1074 1647 1285 1718 servassent,
1306 1631 1372 1702 nisi

300 1752 365 1821 sibi
383 1753 548 1821 servaturi
564 1749 718 1819 fuissent.
734 1751 861 1818 Totum
876 1748 1022 1844 populus
1034 1747 1079 1818 ud
1093 1749 1294 1819 servandam
1308 1775 1373 1845 pu-

300 1865 453 1936 dicitiam
467 1865 628 1953 contulit,
644 1862 815 1959 quidquid
828 1864 872 1934 ad
882 1864 1075 1935 violandam
1085 1867 1260 1936 attulerat.
1276 1868 1373 1939 Dicet

300 1982 367 2052 diis
384 1982 601 2077 pudicitiam,
620 1982 746 2076 quibus
761 1981 877 2052 debet.

349 2140 515 2239 Extat.
534 2145 652 2237 Longe
669 2140 898 2212 reoedendnm
914 2158 966 2210 est
983 2141 1028 2210 sb
1045 2143 1137 2211 omni
1151 2141 1374 2215 obsooenitnte

299 2276 335 2330 ct
351 2259 534 2330 verborum
553 2274 587 2327 et
604 2281 778 2328 sensuum.
802 2258 969 2351 Quedom
985 2259 1091 2328 satim
1109 2276 1164 2328 est
1180 2282 1293 2333 crure
1309 2263 1374 2332 de-

298 2378 460 2446 trimento
478 2393 610 2462 tacere,
632 2396 733 2468 quom
751 2376 968 2446 verecundie
985 2375 1115 2446 dicere.

297 2564 809 2642 quidmidisucerdotemrsiiiquidma'·
859 2567 1031 2636 desideratum
1051 2570 1096 2624 sed
1111 2573 1194 2640 mals,
1221 2573 1289 2627 etin
1308 2587 1373 2630 tur·

299 2647 329 2701 di
338 2667 397 2701 cum
407 2647 547 2701 sacerdote.
859 2659 895 2700 est
903 2667 977 2720 snpra
986 2669 1012 2722 p.
1021 2667 1063 2721 99.

335 2727 509 2782 ndatmmto.
525 2727 558 2781 ln
574 2726 673 2780 duobos
688 2725 742 2781 het
761 2745 810 2779 vox
893 2725 1052 2782 adaram.
1064 2727 1136 2782 Teut-
1147 2740 1280 2798 mate,
1293 2747 1372 2805 pop
