2878 4816
309 463 373 529 urb
633 461 680 526 Μ.
706 457 852 526 ANNAEI
875 455 1056 524 SENEGAE

306 603 375 672 que
386 580 474 650 nihil
486 581 523 648 iu
533 594 684 652 matrona
698 583 878 648 tecturam¹
897 579 1118 671 concupivit?
1130 579 1167 648 Si
1182 580 1260 649 tulis
1274 599 1381 668 osset,

307 694 404 774 facile
417 695 509 763 illam
522 696 729 789 corrupisset
739 712 916 788 tyrannus.
930 697 1106 787 Exspecta,
1117 711 1231 796 potest
1241 721 1379 790 parere.

306 815 382 881 Non
401 811 583 908 respondet
597 812 642 881 ad
658 813 890 907 propositum,
911 833 977 878 nee
997 811 1041 879 ad
1060 829 1190 883 eertum
1208 813 1301 884 diem
1316 816 1382 884 ios-

306 927 462 998 cunditaa
494 956 501 995 :
532 930 585 998 sui
610 927 699 1021 juris
724 952 839 1000 rerum
864 942 985 995 natura
1011 943 1084 1010 est,
1115 951 1180 997 neo
1210 928 1255 998 ad
1282 931 1379 1025 leges

305 1047 469 1114 humanas
489 1045 703 1138 componitur
720 1071 729 1112 ε
746 1043 844 1126 modo
863 1059 1042 1137 properat,
1064 1044 1165 1113 modo
1184 1061 1261 1114 vota
1281 1070 1377 1141 prae-

305 1161 429 1244 eurrit,
449 1162 548 1230 modo
566 1161 657 1230 lenta
670 1174 767 1229 estet
782 1155 988 1230 demoratur.
1002 1162 1164 1253 Exspecta
1178 1161 1278 1230 modo
1289 1191 1299 1246 3
1312 1185 1377 1256 pa·

304 1276 383 1343 riet.
403 1275 498 1369 Quid
513 1273 627 1344 dieis?
642 1298 711 1346 nou
727 1290 837 1368 potest
852 1275 948 1361 lieri3
965 1299 1071 1366 quate
1083 1278 1099 1344 P
1110 1278 1191 1369 quia
1206 1291 1296 1346 torta
1309 1295 1375 1347 eat.

303 1393 450 1485 Imputat
465 1393 529 1464 tibi
544 1392 636 1486 quod
650 1391 821 1486 publicata
836 1405 886 1458 est
896 1395 924 1477 ’ς
943 1391 1086 1484 imputat
1101 1392 1161 1460 tibi
1178 1393 1272 1484 quod
1287 1409 1377 1464 torta

303 1520 371 1594 est;
394 1509 536 1602 imputat
554 1509 616 1576 tibi
637 1506 730 1601 quod
749 1507 876 1575 sterilia
894 1522 956 1575 est.

352 1625 442 1692 lusu
458 1627 562 1693 Bassr.
584 1623 706 1693 Aiebat
726 1639 892 1717 tutunus
910 1649 917 1688 :
935 1625 1017 1703 Ure,
1038 1622 1130 1692 oaede
1145 1639 1313 1693 ventrem.

350 1736 569 1806 Ascensum.
589 1739 688 1810 Caede
708 1754 882 1824 ventrem,
902 1761 947 1804 ue
965 1737 1197 1829 tyrannicidas
1213 1739 1341 1832 pariat.

347 1853 497 1938 Turaan.
512 1856 588 1921 Non
605 1877 646 1921 ex
663 1833 828 1922 formula³
848 1868 968 1921 natura
983 1854 1184 1947 respondet,
1203 1877 1318 1946 neque
1331 1856 1376 1923 ad

300 1969 532 2060 praescriptum
546 1992 644 2037 cesus
657 1970 870 2060 obsequitur3
887 1993 1022 2061 semper
1036 1971 1221 2062 exspectari
1237 1969 1375 2040 termus

301 2080 448 2162 mavult,
472 2107 573 2173 quam
599 2085 686 2176 regi.
717 2083 833 2152 Aliubi
858 2083 1044 2152 offenditur
1064 2085 1247 2177 improvisa
1273 2107 1374 2176 aege-

302 2211 371 2264 tum
391 2198 585 2280 maturitas,
612 2195 722 2269 aliubi
741 2219 851 2265 seram
870 2221 993 2292 magno
1017 2198 1146 2269 loenore
1167 2223 1298 2266 moram
1315 2224 1373 2268 re-

301 2311 419 2380 demit.
447 2314 545 2380 Licet
568 2312 622 2380 lex
646 2309 720 2380 dies
739 2313 853 2397 liniat,
879 2327 1001 2380 natura
1027 2335 1095 2380 uon
1119 2314 1256 2405 recipit.
1277 2313 1375 2406 Quid

251 2507 254 2514 ¹
302 2426 444 2496 faciam?
464 2429 541 2496 Non
563 2449 660 2520 agam
690 2426 835 2520 gratias,
863 2427 956 2518 quod
980 2449 1049 2494 non
1074 2427 1257 2514 iudicarit,
1276 2433 1374 2500 uxori

300 2567 404 2630 meae,
433 2566 477 2611 ne
505 2545 592 2612 votis
620 2545 655 2610 in
681 2544 836 2636 gratiam.
856 2531 987 2614 'Aiebat
1005 2556 1169 2634 tyrannus
1193 2569 1201 2609 :
1224 2543 1371 2629 lndioa3

299 2660 393 2727 nulla
407 2675 465 2729 tua
477 2659 577 2753 culpa
591 2673 654 2727 est.
674 2637 826 2726 Caeditur
843 2683 853 2724 s
869 2671 970 2723 tacet.
990 2657 1110 2724 Utrum
1124 2672 1223 2750 putas
1238 2659 1371 2726 miran-

299 2776 381 2848 dum
404 2798 499 2858 esse,
530 2791 625 2842 tuum
647 2770 935 2864 tyrannicidium,
965 2795 1010 2843 au
1039 2772 1144 2864 hujus
1173 2772 1375 2844 silentium?

300 2894 515 2983 Exspectasse
532 2887 646 2978 aliqua
657 2909 721 2981 per
739 2887 877 2980 longum
896 2903 1029 2980 tempus
1044 2889 1203 2956 marinam
1216 2885 1370 2959 dicitur:

297 3019 423 3095 quanta
436 3005 508 3072 laus
519 3018 570 3071 est
581 3025 744 3085 servasse,
762 3027 866 3096 quum
880 3018 1092 3098 exspectasse
1105 3019 1196 3072 tanta
1211 3006 1280 3072 sit?
1294 3005 1372 3074 Alia
1406 3075 1412 3082 ,

295 3200 381 3254 tinere.
399 3196 428 3258 ld
449 3195 591 3272 explicatius
609 3209 664 3265 est,
683 3197 806 3270 impeturn
855 3195 985 3272 publicum
993 3209 1079 3262 tracta,
1088 3209 1225 3268 assutaque
1235 3211 1280 3252 cst.
1289 3201 1373 3270 Quasi

294 3276 337 3328 ire
349 3285 373 3326 et
391 3273 579 3347 indignationis
592 3274 662 3328 illius
672 3275 806 3328 sustinere·
856 3275 904 3327 boc
921 3274 975 3348 ipso
995 3273 1085 3327 vitium
1101 3275 1232 3348 pudicitia
1248 3277 1282 3328 sit
1300 3277 1371 3331 alls-

293 3352 392 3406 Seleu.
855 3365 925 3418 tum,
938 3365 1013 3424 atquc
1029 3353 1081 3425 ipsa
1097 3352 1236 3424 prostituit.
1248 3355 1370 3426 Denique

287 3439 288 3444 ’
329 3448 350 3482 ι.
371 3430 447 3482 Nihil
474 3433 503 3482 in
524 3439 648 3484 matrona
670 3440 805 3485 lecturam.
855 3443 880 3486 et
898 3431 983 3484 mariti
1001 3451 1074 3484 causa
1094 3433 1189 3484 sacuam
1207 3443 1274 3498 crat,
1290 3431 1371 3486 utin·

296 3501 417 3574 Queritul
432 3521 456 3561 et
470 3508 531 3560 inir-
541 3507 573 3560 de
586 3508 709 3560 matronis
720 3509 804 3561 minus
856 3508 929 3582 jurias
950 3520 974 3559 et
993 3506 1154 3562 contumelias
1174 3507 1306 3562 libidinosi
1325 3521 1372 3582 ty-

295 3587 413 3650 bonssm
435 3607 511 3658 quom
531 3587 611 3660 posits
628 3599 710 3654 vute,
723 3587 806 3640 nudis.
857 3585 1030 3640 renuissltem
1039 3599 1213 3659 exponeretur,
1225 3607 1255 3642 ac
1265 3599 1370 3662 poteret.

297 3665 341 3730 lle.
361 3664 493 3738 pellucidis
520 3677 604 3718 autern
631 3661 807 3718 matronarum
855 3664 955 3720 Sdnu.

298 3741 406 3796 vestibat
427 3763 494 3816 supr.
512 3741 571 3794 vide
592 3742 624 3794 ad
643 3743 806 3814 Contrua-9,
889 3743 912 3795 3.
925 3745 986 3797 Non
995 3762 1032 3795 es:
1030 3741 1226 3814 stirmuladioc
1235 3753 1271 3794 est
1282 3741 1370 3816 logum

296 3820 393 3876 Seleu.
855 3821 1017 3895 prescripto,
1034 3821 1105 3891 quod
1121 3831 1159 3873 set
1177 3833 1289 3886 eertum
1311 3821 1370 3874 lot·-

326 3920 350 3954 s.
375 3899 601 3972 Quodpubls'cato
618 3911 665 3953 est.
683 3902 712 3952 ln
729 3897 803 3954 bissi
852 3901 931 3956 mulas
950 3900 1020 3952 enim
1039 3901 1168 3953 actionum
1181 3913 1206 3952 et
1218 3897 1370 3971 stipulatio-

292 3978 359 4032 nlbil
369 3977 678 4051 mutandum,bypesbole
687 3977 743 4031 siue
753 3978 804 4031 du·
853 3999 915 4034 num
938 3978 1012 4050 prisci
1031 3976 1215 4032 tumeamus
1225 3995 1371 4051 compone·

290 4058 332 4112 bio
350 4058 457 4129 figursta
473 4069 539 4112 suut.
552 4057 588 4110 Ut
601 4058 766 4125 publicatam
777 4074 803 4111 tc
854 4059 926 4122 bank,
938 4069 1043 4131 ulesspe
1055 4055 1145 4111 Cicero
1156 4051 1370 4108 testatursddidc

287 4135 373 4206 dicat,
386 4137 456 4207 quod
475 4136 581 4210 impuris
596 4135 733 4189 satellitum
746 4156 806 4192 car-
856 4134 1016 4201 Aetionibus,
1026 4131 1257 4188 lastinianilnstit.
1268 4131 1370 4194 liert,

289 4211 445 4298 nifienmque
457 4216 574 4271 manibus
586 4225 714 4271 attrectata
725 4228 749 4268 et
765 4234 808 4288 per
857 4211 1369 4274 multaibiisrsnissdelomlisScbott
