<?xml version="1.0" encoding="UTF-8"?>
<!DOCTYPE html PUBLIC "-//W3C//DTD XHTML 1.0 Transitional//EN"
    "http://www.w3.org/TR/xhtml1/DTD/xhtml1-transitional.dtd">
<html xmlns="http://www.w3.org/1999/xhtml" xml:lang="en" lang="en">
 <head>
  <title>
</title>
<meta http-equiv="Content-Type" content="text/html;charset=utf-8" />
  <meta name='ocr-system' content='tesseract 3.04.00' />
  <meta name='ocr-capabilities' content='ocr_page ocr_carea ocr_par ocr_line ocrx_word'/>
</head>
<body>
  <div class='ocr_page' id='page_1' title='image "./lannsenecparspr00bouigoog_0174.png"; bbox 0 0 2878 4816; ppageno 0'>
   <div class='ocr_carea' id='block_1_1' title="bbox 296 547 1043 622">
    <p class='ocr_par' dir='ltr' id='par_1_1' title="bbox 296 547 1043 622">
     <span class='ocr_line' id='line_1_1' title="bbox 296 547 1043 622; baseline -0.003 -2"><span class='ocrx_word' id='word_1_1' title='bbox 296 551 358 622; x_wconf 77' lang='lat'><strong>162</strong></span> <span class='ocrx_word' id='word_1_2' title='bbox 620 549 668 614; x_wconf 88' lang='lat' dir='ltr'><strong>M.</strong></span> <span class='ocrx_word' id='word_1_3' title='bbox 694 547 839 615; x_wconf 83' lang='lat' dir='ltr'><strong>ANNAEI</strong></span> <span class='ocrx_word' id='word_1_4' title='bbox 864 549 1043 618; x_wconf 84' lang='lat' dir='ltr'><strong>SENECAE</strong></span> 
     </span>
    </p>
   </div>
   <div class='ocr_carea' id='block_1_2' title="bbox 167 676 1370 2404">
    <p class='ocr_par' dir='ltr' id='par_1_2' title="bbox 167 676 1370 2404">
     <span class='ocr_line' id='line_1_2' title="bbox 291 676 1370 775; baseline 0.004 -29"><span class='ocrx_word' id='word_1_5' title='bbox 291 678 417 772; x_wconf 89' lang='lat' dir='ltr'><strong>quibus</strong></span> <span class='ocrx_word' id='word_1_6' title='bbox 440 676 513 769; x_wconf 85' lang='lat' dir='ltr'><strong>ipsa</strong></span> <span class='ocrx_word' id='word_1_7' title='bbox 536 699 611 766; x_wconf 84' lang='lat' dir='ltr'><strong>quae</strong></span> <span class='ocrx_word' id='word_1_8' title='bbox 630 691 826 769; x_wconf 79' lang='lat' dir='ltr'><strong>sperantur,</strong></span> <span class='ocrx_word' id='word_1_9' title='bbox 846 676 997 745; x_wconf 90' lang='lat' dir='ltr'><strong>timenda</strong></span> <span class='ocrx_word' id='word_1_10' title='bbox 1019 695 1124 746; x_wconf 90' lang='lat' dir='ltr'><strong>sont:</strong></span> <span class='ocrx_word' id='word_1_11' title='bbox 1146 703 1211 775; x_wconf 82' lang='lat' dir='ltr'><strong>ego</strong></span> <span class='ocrx_word' id='word_1_12' title='bbox 1232 704 1370 775; x_wconf 83' lang='lat' dir='ltr'><strong>quoque</strong></span> 
     </span>
     <span class='ocr_line' id='line_1_3' title="bbox 288 791 1369 888; baseline 0.005 -23"><span class='ocrx_word' id='word_1_13' title='bbox 288 791 492 888; x_wconf 86' lang='lat' dir='ltr'><strong>aliquando,</strong></span> <span class='ocrx_word' id='word_1_14' title='bbox 512 792 585 885; x_wconf 86' lang='lat' dir='ltr'><strong>ejus</strong></span> <span class='ocrx_word' id='word_1_15' title='bbox 598 816 777 886; x_wconf 84' lang='lat' dir='ltr'><strong>processus</strong></span> <span class='ocrx_word' id='word_1_16' title='bbox 788 792 925 878; x_wconf 79' lang='lat' dir='ltr'><strong>avidus,</strong></span> <span class='ocrx_word' id='word_1_17' title='bbox 945 809 981 862; x_wconf 90' lang='lat' dir='ltr'><strong>et</strong></span> <span class='ocrx_word' id='word_1_18' title='bbox 997 793 1164 882; x_wconf 83' lang='lat' dir='ltr'><strong>hortator,</strong></span> <span class='ocrx_word' id='word_1_19' title='bbox 1193 796 1369 870; x_wconf 87' lang='lat' dir='ltr'><strong>laudator-</strong></span> 
     </span>
     <span class='ocr_line' id='line_1_4' title="bbox 289 908 1370 1006; baseline 0.006 -25"><span class='ocrx_word' id='word_1_20' title='bbox 289 909 648 1006; x_wconf 83' lang='lat' dir='ltr'><strong>quevelpericulosae,</strong></span> <span class='ocrx_word' id='word_1_21' title='bbox 669 908 751 977; x_wconf 91' lang='lat' dir='ltr'><strong>dum</strong></span> <span class='ocrx_word' id='word_1_22' title='bbox 768 910 920 979; x_wconf 81' lang='lat' dir='ltr'><strong>bonestae</strong></span> <span class='ocrx_word' id='word_1_23' title='bbox 934 911 1055 999; x_wconf 93' lang='lat' dir='ltr'><strong>modo,</strong></span> <span class='ocrx_word' id='word_1_24' title='bbox 1074 913 1267 1000; x_wconf 85' lang='lat' dir='ltr'><strong>industriae,</strong></span> <span class='ocrx_word' id='word_1_25' title='bbox 1283 918 1370 987; x_wconf 91' lang='lat' dir='ltr'><strong>duo-</strong></span> 
     </span>
     <span class='ocr_line' id='line_1_5' title="bbox 286 1025 1369 1127; baseline 0.005 -27"><span class='ocrx_word' id='word_1_26' title='bbox 286 1031 352 1099; x_wconf 91' lang='lat' dir='ltr'><strong>bus</strong></span> <span class='ocrx_word' id='word_1_27' title='bbox 365 1029 447 1098; x_wconf 87' lang='lat' dir='ltr'><strong>filiis</strong></span> <span class='ocrx_word' id='word_1_28' title='bbox 465 1025 721 1117; x_wconf 81' lang='lat' dir='ltr'><strong>navigantibus,</strong></span> <span class='ocrx_word' id='word_1_29' title='bbox 744 1042 776 1094; x_wconf 94' lang='lat' dir='ltr'><strong>te</strong></span> <span class='ocrx_word' id='word_1_30' title='bbox 791 1029 941 1120; x_wconf 90' lang='lat' dir='ltr'><strong>inportu</strong></span> <span class='ocrx_word' id='word_1_31' title='bbox 958 1030 1091 1098; x_wconf 83' lang='lat' dir='ltr'><strong>retineo</strong></span> <span class='ocrx_word' id='word_1_32' title='bbox 1109 1058 1117 1097; x_wconf 92' lang='lat'><strong>:</strong></span> <span class='ocrx_word' id='word_1_33' title='bbox 1134 1031 1195 1101; x_wconf 84' lang='lat' dir='ltr'><strong>sed</strong></span> <span class='ocrx_word' id='word_1_34' title='bbox 1211 1034 1369 1127; x_wconf 88' lang='lat' dir='ltr'><strong>proderit</strong></span> 
     </span>
     <span class='ocr_line' id='line_1_6' title="bbox 286 1143 1366 1236; baseline 0.005 -22"><span class='ocrx_word' id='word_1_35' title='bbox 286 1145 351 1214; x_wconf 93' lang='lat' dir='ltr'><strong>tibi</strong></span> <span class='ocrx_word' id='word_1_36' title='bbox 364 1145 401 1214; x_wconf 92' lang='lat' dir='ltr'><strong>in</strong></span> <span class='ocrx_word' id='word_1_37' title='bbox 415 1144 474 1213; x_wconf 92' lang='lat' dir='ltr'><strong>illa</strong></span> <span class='ocrx_word' id='word_1_38' title='bbox 485 1166 559 1234; x_wconf 82' lang='lat' dir='ltr'><strong>quae</strong></span> <span class='ocrx_word' id='word_1_39' title='bbox 570 1157 640 1210; x_wconf 88' lang='lat' dir='ltr'><strong>tota</strong></span> <span class='ocrx_word' id='word_1_40' title='bbox 651 1159 765 1212; x_wconf 89' lang='lat' dir='ltr'><strong>mente</strong></span> <span class='ocrx_word' id='word_1_41' title='bbox 777 1144 903 1236; x_wconf 82' lang='lat' dir='ltr'><strong>agitas,</strong></span> <span class='ocrx_word' id='word_1_42' title='bbox 922 1143 1136 1215; x_wconf 87' lang='lat' dir='ltr'><strong>declamandi</strong></span> <span class='ocrx_word' id='word_1_43' title='bbox 1150 1151 1366 1234; x_wconf 83' lang='lat' dir='ltr'><strong>exercitatio,</strong></span> 
     </span>
     <span class='ocr_line' id='line_1_7' title="bbox 286 1259 1369 1356; baseline 0.005 -24"><span class='ocrx_word' id='word_1_44' title='bbox 286 1265 374 1333; x_wconf 89' lang='lat' dir='ltr'><strong>sicut</strong></span> <span class='ocrx_word' id='word_1_45' title='bbox 387 1260 541 1331; x_wconf 88' lang='lat' dir='ltr'><strong>Fabiano</strong></span> <span class='ocrx_word' id='word_1_46' title='bbox 555 1259 707 1352; x_wconf 84' lang='lat' dir='ltr'><strong>profuit:</strong></span> <span class='ocrx_word' id='word_1_47' title='bbox 725 1261 805 1352; x_wconf 89' lang='lat' dir='ltr'><strong>qui,</strong></span> <span class='ocrx_word' id='word_1_48' title='bbox 821 1260 1075 1353; x_wconf 91' lang='lat' dir='ltr'><strong>utaliquando,</strong></span> <span class='ocrx_word' id='word_1_49' title='bbox 1092 1289 1198 1356; x_wconf 92' lang='lat' dir='ltr'><strong>quum</strong></span> <span class='ocrx_word' id='word_1_50' title='bbox 1215 1267 1369 1337; x_wconf 85' lang='lat' dir='ltr'><strong>Sextium</strong></span> 
     </span>
     <span class='ocr_line' id='line_1_8' title="bbox 167 1370 1369 1472; baseline 0.003 -26"><span class='ocrx_word' id='word_1_51' title='bbox 167 1370 170 1376; x_wconf 70' lang='grc'><strong>’</strong></span> <span class='ocrx_word' id='word_1_52' title='bbox 285 1376 420 1447; x_wconf 87' lang='lat' dir='ltr'><strong>audiret</strong></span> <span class='ocrx_word' id='word_1_53' title='bbox 436 1380 463 1461; x_wconf 91' lang='lat'><strong>¹,</strong></span> <span class='ocrx_word' id='word_1_54' title='bbox 483 1372 707 1442; x_wconf 89' lang='lat' dir='ltr'><strong>nibilominus</strong></span> <span class='ocrx_word' id='word_1_55' title='bbox 726 1373 956 1460; x_wconf 77' lang='lat' dir='ltr'><strong>declamabat,</strong></span> <span class='ocrx_word' id='word_1_56' title='bbox 975 1393 1095 1445; x_wconf 91' lang='lat' dir='ltr'><strong>ettam</strong></span> <span class='ocrx_word' id='word_1_57' title='bbox 1115 1377 1313 1472; x_wconf 74' lang='lat' dir='ltr'><strong>diligenter,</strong></span> <span class='ocrx_word' id='word_1_58' title='bbox 1332 1399 1369 1450; x_wconf 90' lang='lat' dir='ltr'><strong>ut</strong></span> 
     </span>
     <span class='ocr_line' id='line_1_9' title="bbox 284 1489 1367 1592; baseline 0.005 -29"><span class='ocrx_word' id='word_1_59' title='bbox 284 1511 421 1590; x_wconf 85' lang='lat' dir='ltr'><strong>putares</strong></span> <span class='ocrx_word' id='word_1_60' title='bbox 435 1491 533 1560; x_wconf 90' lang='lat' dir='ltr'><strong>illum</strong></span> <span class='ocrx_word' id='word_1_61' title='bbox 551 1489 601 1558; x_wconf 93' lang='lat' dir='ltr'><strong>illi</strong></span> <span class='ocrx_word' id='word_1_62' title='bbox 617 1489 729 1559; x_wconf 89' lang='lat' dir='ltr'><strong>studio</strong></span> <span class='ocrx_word' id='word_1_63' title='bbox 743 1492 878 1584; x_wconf 89' lang='lat' dir='ltr'><strong>parari,</strong></span> <span class='ocrx_word' id='word_1_64' title='bbox 895 1515 962 1572; x_wconf 81' lang='lat' dir='ltr'><strong>non</strong></span> <span class='ocrx_word' id='word_1_65' title='bbox 973 1517 1037 1586; x_wconf 92' lang='lat' dir='ltr'><strong>per</strong></span> <span class='ocrx_word' id='word_1_66' title='bbox 1056 1490 1143 1563; x_wconf 92' lang='lat' dir='ltr'><strong>illud</strong></span> <span class='ocrx_word' id='word_1_67' title='bbox 1158 1494 1258 1566; x_wconf 89' lang='lat' dir='ltr'><strong>alteri</strong></span> <span class='ocrx_word' id='word_1_68' title='bbox 1277 1523 1367 1592; x_wconf 70' lang='lat' dir='ltr'><strong>prm·</strong></span> 
     </span>
     <span class='ocr_line' id='line_1_10' title="bbox 281 1602 1365 1704; baseline 0.003 -26"><span class='ocrx_word' id='word_1_69' title='bbox 281 1611 410 1702; x_wconf 78' lang='lat' dir='ltr'><strong>parari.</strong></span> <span class='ocrx_word' id='word_1_70' title='bbox 431 1605 561 1676; x_wconf 88' lang='lat' dir='ltr'><strong>Habuit</strong></span> <span class='ocrx_word' id='word_1_71' title='bbox 578 1606 679 1672; x_wconf 88' lang='lat' dir='ltr'><strong>ctiam</strong></span> <span class='ocrx_word' id='word_1_72' title='bbox 693 1603 860 1672; x_wconf 86' lang='lat' dir='ltr'><strong>Blandum</strong></span> <span class='ocrx_word' id='word_1_73' title='bbox 882 1602 1073 1675; x_wconf 87' lang='lat' dir='ltr'><strong>Rhetorem</strong></span> <span class='ocrx_word' id='word_1_74' title='bbox 1096 1625 1365 1704; x_wconf 80' lang='lat' dir='ltr'><strong>praeceptorem,</strong></span> 
     </span>
     <span class='ocr_line' id='line_1_11' title="bbox 281 1719 1369 1818; baseline 0.003 -24"><span class='ocrx_word' id='word_1_75' title='bbox 281 1728 340 1818; x_wconf 93' lang='lat' dir='ltr'><strong>qui</strong></span> <span class='ocrx_word' id='word_1_76' title='bbox 352 1747 457 1817; x_wconf 82' lang='lat' dir='ltr'><strong>eques</strong></span> <span class='ocrx_word' id='word_1_77' title='bbox 471 1725 645 1816; x_wconf 79' lang='lat' dir='ltr'><strong>Romanus</strong></span> <span class='ocrx_word' id='word_1_78' title='bbox 655 1724 770 1789; x_wconf 78' lang='lat' dir='ltr'><strong>Roma:</strong></span> <span class='ocrx_word' id='word_1_79' title='bbox 784 1719 913 1789; x_wconf 91' lang='lat' dir='ltr'><strong>docuit.</strong></span> <span class='ocrx_word' id='word_1_80' title='bbox 931 1722 1023 1791; x_wconf 83' lang='lat' dir='ltr'><strong>Ante</strong></span> <span class='ocrx_word' id='word_1_81' title='bbox 1040 1723 1137 1792; x_wconf 95' lang='lat' dir='ltr'><strong>illum</strong></span> <span class='ocrx_word' id='word_1_82' title='bbox 1152 1727 1242 1794; x_wconf 90' lang='lat' dir='ltr'><strong>intra</strong></span> <span class='ocrx_word' id='word_1_83' title='bbox 1256 1726 1369 1797; x_wconf 88' lang='lat' dir='ltr'><strong>liber-</strong></span> 
     </span>
     <span class='ocr_line' id='line_1_12' title="bbox 278 1836 1364 1933; baseline 0.004 -23"><span class='ocrx_word' id='word_1_84' title='bbox 278 1844 368 1911; x_wconf 84' lang='lat' dir='ltr'><strong>tinos</strong></span> <span class='ocrx_word' id='word_1_85' title='bbox 386 1853 610 1932; x_wconf 59' lang='lat' dir='ltr'><strong>preceptores</strong></span> <span class='ocrx_word' id='word_1_86' title='bbox 621 1836 863 1930; x_wconf 82' lang='lat' dir='ltr'><strong>pulcherrimae</strong></span> <span class='ocrx_word' id='word_1_87' title='bbox 879 1838 1069 1933; x_wconf 77' lang='lat' dir='ltr'><strong>disciplinae</strong></span> <span class='ocrx_word' id='word_1_88' title='bbox 1081 1843 1364 1914; x_wconf 87' lang='lat' dir='ltr'><strong>continebantur:</strong></span> 
     </span>
     <span class='ocr_line' id='line_1_13' title="bbox 278 1952 1369 2051; baseline 0.005 -26"><span class='ocrx_word' id='word_1_89' title='bbox 278 1971 315 2026; x_wconf 90' lang='lat' dir='ltr'><strong>et</strong></span> <span class='ocrx_word' id='word_1_90' title='bbox 330 1955 471 2023; x_wconf 91' lang='lat' dir='ltr'><strong>minime</strong></span> <span class='ocrx_word' id='word_1_91' title='bbox 488 1952 658 2046; x_wconf 84' lang='lat' dir='ltr'><strong>probabili</strong></span> <span class='ocrx_word' id='word_1_92' title='bbox 673 1976 785 2032; x_wconf 91' lang='lat' dir='ltr'><strong>more,</strong></span> <span class='ocrx_word' id='word_1_93' title='bbox 808 1970 909 2048; x_wconf 89' lang='lat' dir='ltr'><strong>turpe</strong></span> <span class='ocrx_word' id='word_1_94' title='bbox 924 1971 998 2025; x_wconf 88' lang='lat' dir='ltr'><strong>erat</strong></span> <span class='ocrx_word' id='word_1_95' title='bbox 1014 1957 1139 2028; x_wconf 92' lang='lat' dir='ltr'><strong>docere</strong></span> <span class='ocrx_word' id='word_1_96' title='bbox 1152 1959 1246 2051; x_wconf 93' lang='lat' dir='ltr'><strong>quod</strong></span> <span class='ocrx_word' id='word_1_97' title='bbox 1257 1960 1369 2032; x_wconf 89' lang='lat' dir='ltr'><strong>bonc-</strong></span> 
     </span>
     <span class='ocr_line' id='line_1_14' title="bbox 280 2071 1366 2165; baseline 0.005 -21"><span class='ocrx_word' id='word_1_98' title='bbox 280 2091 370 2144; x_wconf 90' lang='lat' dir='ltr'><strong>stnm</strong></span> <span class='ocrx_word' id='word_1_99' title='bbox 387 2087 461 2141; x_wconf 88' lang='lat' dir='ltr'><strong>erat</strong></span> <span class='ocrx_word' id='word_1_100' title='bbox 477 2071 623 2140; x_wconf 87' lang='lat' dir='ltr'><strong>discere.</strong></span> <span class='ocrx_word' id='word_1_101' title='bbox 642 2071 729 2139; x_wconf 88' lang='lat' dir='ltr'><strong>Nam</strong></span> <span class='ocrx_word' id='word_1_102' title='bbox 750 2073 882 2165; x_wconf 87' lang='lat' dir='ltr'><strong>primus</strong></span> <span class='ocrx_word' id='word_1_103' title='bbox 904 2077 1056 2144; x_wconf 90' lang='lat' dir='ltr'><strong>omnium</strong></span> <span class='ocrx_word' id='word_1_104' title='bbox 1077 2081 1220 2146; x_wconf 84' lang='lat' dir='ltr'><strong>Latinus</strong></span> <span class='ocrx_word' id='word_1_105' title='bbox 1246 2079 1366 2149; x_wconf 87' lang='lat' dir='ltr'><strong>rhetor</strong></span> 
     </span>
     <span class='ocr_line' id='line_1_15' title="bbox 278 2188 1366 2287; baseline 0.005 -27"><span class='ocrx_word' id='word_1_106' title='bbox 278 2193 394 2260; x_wconf 74' lang='lat' dir='ltr'><strong>Roma:</strong></span> <span class='ocrx_word' id='word_1_107' title='bbox 412 2189 496 2273; x_wconf 90' lang='lat' dir='ltr'><strong>fuit,</strong></span> <span class='ocrx_word' id='word_1_108' title='bbox 529 2211 636 2281; x_wconf 92' lang='lat' dir='ltr'><strong>puero</strong></span> <span class='ocrx_word' id='word_1_109' title='bbox 663 2188 851 2275; x_wconf 87' lang='lat' dir='ltr'><strong>Cicerone,</strong></span> <span class='ocrx_word' id='word_1_110' title='bbox 873 2189 1043 2260; x_wconf 85' lang='lat' dir='ltr'><strong>Plotius¹.</strong></span> <span class='ocrx_word' id='word_1_111' title='bbox 1069 2193 1172 2287; x_wconf 83' lang='lat' dir='ltr'><strong>Apud</strong></span> <span class='ocrx_word' id='word_1_112' title='bbox 1196 2194 1366 2265; x_wconf 85' lang='lat' dir='ltr'><strong>Blandum</strong></span> 
     </span>
     <span class='ocr_line' id='line_1_16' title="bbox 280 2303 1364 2404; baseline 0.006 -29"><span class='ocrx_word' id='word_1_113' title='bbox 280 2308 428 2391; x_wconf 89' lang='lat' dir='ltr'><strong>diutius,</strong></span> <span class='ocrx_word' id='word_1_114' title='bbox 449 2328 551 2398; x_wconf 91' lang='lat' dir='ltr'><strong>quam</strong></span> <span class='ocrx_word' id='word_1_115' title='bbox 563 2303 655 2398; x_wconf 91' lang='lat' dir='ltr'><strong>apud</strong></span> <span class='ocrx_word' id='word_1_116' title='bbox 670 2305 819 2372; x_wconf 82' lang='lat' dir='ltr'><strong>Fuscum</strong></span> <span class='ocrx_word' id='word_1_117' title='bbox 833 2303 1000 2375; x_wconf 82' lang='lat' dir='ltr'><strong>Arellium</strong></span> <span class='ocrx_word' id='word_1_118' title='bbox 1014 2309 1167 2378; x_wconf 80' lang='lat' dir='ltr'><strong>studuit:</strong></span> <span class='ocrx_word' id='word_1_119' title='bbox 1183 2310 1244 2379; x_wconf 82' lang='lat' dir='ltr'><strong>sed</strong></span> <span class='ocrx_word' id='word_1_120' title='bbox 1256 2337 1364 2404; x_wconf 91' lang='lat' dir='ltr'><strong>quum</strong></span> 
     </span>
    </p>
   </div>
   <div class='ocr_carea' id='block_1_3' title="bbox 168 2422 1360 2518">
    <p class='ocr_par' dir='ltr' id='par_1_3' title="bbox 168 2422 1360 2518">
     <span class='ocr_line' id='line_1_17' title="bbox 168 2422 1360 2518; baseline 0.004 -26"><span class='ocrx_word' id='word_1_121' title='bbox 168 2465 172 2480; x_wconf 65' lang='grc' dir='ltr'><strong><em>ι</em></strong></span> <span class='ocrx_word' id='word_1_122' title='bbox 273 2425 346 2518; x_wconf 88' lang='lat' dir='ltr'><strong>jam</strong></span> <span class='ocrx_word' id='word_1_123' title='bbox 361 2422 622 2517; x_wconf 81' lang='lat' dir='ltr'><strong>transfugisset,</strong></span> <span class='ocrx_word' id='word_1_124' title='bbox 640 2443 680 2488; x_wconf 88' lang='lat' dir='ltr'><strong>eo</strong></span> <span class='ocrx_word' id='word_1_125' title='bbox 701 2437 854 2515; x_wconf 91' lang='lat' dir='ltr'><strong>tempore</strong></span> <span class='ocrx_word' id='word_1_126' title='bbox 870 2449 937 2516; x_wconf 94' lang='lat' dir='ltr'><strong>quo</strong></span> <span class='ocrx_word' id='word_1_127' title='bbox 956 2424 1160 2518; x_wconf 88' lang='lat' dir='ltr'><strong>eloquentiae</strong></span> <span class='ocrx_word' id='word_1_128' title='bbox 1179 2428 1360 2510; x_wconf 86' lang='lat' dir='ltr'><strong>studebat,</strong></span> 
     </span>
    </p>
   </div>
   <div class='ocr_carea' id='block_1_4' title="bbox 257 2536 1364 2866">
    <p class='ocr_par' dir='ltr' id='par_1_4' title="bbox 257 2536 1364 2866">
     <span class='ocr_line' id='line_1_18' title="bbox 276 2536 1364 2636; baseline 0.004 -28"><span class='ocrx_word' id='word_1_129' title='bbox 276 2563 347 2608; x_wconf 93' lang='lat' dir='ltr'><strong>non</strong></span> <span class='ocrx_word' id='word_1_130' title='bbox 360 2538 561 2632; x_wconf 80' lang='lat' dir='ltr'><strong>eloquentia:</strong></span> <span class='ocrx_word' id='word_1_131' title='bbox 578 2559 690 2604; x_wconf 88' lang='lat' dir='ltr'><strong>causa.</strong></span> <span class='ocrx_word' id='word_1_132' title='bbox 709 2537 786 2606; x_wconf 91' lang='lat' dir='ltr'><strong>Scio</strong></span> <span class='ocrx_word' id='word_1_133' title='bbox 801 2536 972 2622; x_wconf 87' lang='lat' dir='ltr'><strong>futurum,</strong></span> <span class='ocrx_word' id='word_1_134' title='bbox 991 2557 1030 2607; x_wconf 91' lang='lat' dir='ltr'><strong>ut</strong></span> <span class='ocrx_word' id='word_1_135' title='bbox 1043 2540 1173 2610; x_wconf 85' lang='lat' dir='ltr'><strong>auditis</strong></span> <span class='ocrx_word' id='word_1_136' title='bbox 1190 2543 1265 2636; x_wconf 84' lang='lat' dir='ltr'><strong>ejus</strong></span> <span class='ocrx_word' id='word_1_137' title='bbox 1284 2568 1364 2611; x_wconf 90' lang='lat' dir='ltr'><strong>sen-</strong></span> 
     </span>
     <span class='ocr_line' id='line_1_19' title="bbox 276 2653 1363 2749; baseline 0.004 -25"><span class='ocrx_word' id='word_1_138' title='bbox 276 2657 412 2744; x_wconf 86' lang='lat' dir='ltr'><strong>tentiis,</strong></span> <span class='ocrx_word' id='word_1_139' title='bbox 436 2653 581 2749; x_wconf 84' lang='lat' dir='ltr'><strong>cupiatis</strong></span> <span class='ocrx_word' id='word_1_140' title='bbox 595 2653 717 2721; x_wconf 88' lang='lat' dir='ltr'><strong>multas</strong></span> <span class='ocrx_word' id='word_1_141' title='bbox 728 2653 861 2722; x_wconf 91' lang='lat' dir='ltr'><strong>audire.</strong></span> <span class='ocrx_word' id='word_1_142' title='bbox 878 2654 946 2724; x_wconf 90' lang='lat' dir='ltr'><strong>Sed</strong></span> <span class='ocrx_word' id='word_1_143' title='bbox 965 2680 1029 2725; x_wconf 89' lang='lat' dir='ltr'><strong>nec</strong></span> <span class='ocrx_word' id='word_1_144' title='bbox 1044 2657 1101 2726; x_wconf 90' lang='lat' dir='ltr'><strong>ille</strong></span> <span class='ocrx_word' id='word_1_145' title='bbox 1115 2657 1177 2726; x_wconf 93' lang='lat' dir='ltr'><strong>diu</strong></span> <span class='ocrx_word' id='word_1_146' title='bbox 1190 2656 1363 2728; x_wconf 84' lang='lat' dir='ltr'><strong>declama-</strong></span> 
     </span>
     <span class='ocr_line' id='line_1_20' title="bbox 257 2763 1363 2866; baseline 0.004 -29"><span class='ocrx_word' id='word_1_147' title='bbox 257 2785 259 2792; x_wconf 89' lang='grc'><strong>’</strong></span> <span class='ocrx_word' id='word_1_148' title='bbox 277 2770 428 2839; x_wconf 84' lang='lat' dir='ltr'><strong>tionibus</strong></span> <span class='ocrx_word' id='word_1_149' title='bbox 440 2767 580 2839; x_wconf 82' lang='lat' dir='ltr'><strong>vacabat</strong></span> <span class='ocrx_word' id='word_1_150' title='bbox 595 2793 603 2834; x_wconf 94' lang='lat'><strong>:</strong></span> <span class='ocrx_word' id='word_1_151' title='bbox 619 2782 653 2835; x_wconf 91' lang='lat' dir='ltr'><strong>et</strong></span> <span class='ocrx_word' id='word_1_152' title='bbox 667 2791 731 2858; x_wconf 78' lang='lat' dir='ltr'><strong>ego</strong></span> <span class='ocrx_word' id='word_1_153' title='bbox 748 2783 839 2835; x_wconf 86' lang='lat' dir='ltr'><strong>tanto</strong></span> <span class='ocrx_word' id='word_1_154' title='bbox 856 2770 1023 2838; x_wconf 89' lang='lat' dir='ltr'><strong>minorem</strong></span> <span class='ocrx_word' id='word_1_155' title='bbox 1041 2763 1148 2840; x_wconf 72' lang='lat' dir='ltr'><strong>natu³</strong></span> <span class='ocrx_word' id='word_1_156' title='bbox 1164 2795 1266 2862; x_wconf 86' lang='lat' dir='ltr'><strong>quam</strong></span> <span class='ocrx_word' id='word_1_157' title='bbox 1285 2773 1363 2866; x_wconf 87' lang='lat' dir='ltr'><strong>ipse</strong></span> 
     </span>
    </p>
   </div>
   <div class='ocr_carea' id='block_1_5' title="bbox 278 2981 1363 4398">
    <p class='ocr_par' dir='ltr' id='par_1_5' title="bbox 278 2981 1363 3923">
     <span class='ocr_line' id='line_1_21' title="bbox 313 2981 1363 3057; baseline 0.004 -18"><span class='ocrx_word' id='word_1_158' title='bbox 313 3007 335 3039; x_wconf 91' lang='grc' dir='ltr'><strong>ι.</strong></span> <span class='ocrx_word' id='word_1_159' title='bbox 358 2984 478 3038; x_wconf 75' lang='lat' dir='ltr'><strong>Sestimn</strong></span> <span class='ocrx_word' id='word_1_160' title='bbox 498 2983 608 3036; x_wconf 82' lang='lat' dir='ltr'><strong>audiret.</strong></span> <span class='ocrx_word' id='word_1_161' title='bbox 630 2981 699 3034; x_wconf 72' lang='lat' dir='ltr'><strong>Male</strong></span> <span class='ocrx_word' id='word_1_162' title='bbox 720 2994 795 3035; x_wconf 81' lang='lat' dir='ltr'><strong>entes</strong></span> <span class='ocrx_word' id='word_1_163' title='bbox 844 2984 1016 3040; x_wconf 86' lang='lat' dir='ltr'><strong>Rhetoribus:</strong></span> <span class='ocrx_word' id='word_1_164' title='bbox 1029 2987 1180 3057; x_wconf 72' lang='lat' dir='ltr'><strong>«Equidem</strong></span> <span class='ocrx_word' id='word_1_165' title='bbox 1189 2989 1363 3044; x_wconf 83' lang='lat' dir='ltr'><strong>memoriste·</strong></span> 
     </span>
     <span class='ocr_line' id='line_1_22' title="bbox 280 3061 1363 3136; baseline 0.001 -18"><span class='ocrx_word' id='word_1_166' title='bbox 280 3067 396 3120; x_wconf 84' lang='lat' dir='ltr'><strong>Cestium</strong></span> <span class='ocrx_word' id='word_1_167' title='bbox 406 3063 547 3136; x_wconf 77' lang='lat' dir='ltr'><strong>legebatur,</strong></span> <span class='ocrx_word' id='word_1_168' title='bbox 559 3073 645 3114; x_wconf 81' lang='lat' dir='ltr'><strong>contre</strong></span> <span class='ocrx_word' id='word_1_169' title='bbox 655 3061 692 3114; x_wconf 87' lang='lat' dir='ltr'><strong>rei</strong></span> <span class='ocrx_word' id='word_1_170' title='bbox 702 3062 795 3114; x_wconf 80' lang='lat' dir='ltr'><strong>verite·</strong></span> <span class='ocrx_word' id='word_1_171' title='bbox 843 3081 893 3114; x_wconf 89' lang='lat' dir='ltr'><strong>neo</strong></span> <span class='ocrx_word' id='word_1_172' title='bbox 906 3063 989 3135; x_wconf 84' lang='lat' dir='ltr'><strong>pueris</strong></span> <span class='ocrx_word' id='word_1_173' title='bbox 1002 3063 1077 3116; x_wconf 83' lang='lat' dir='ltr'><strong>nobis</strong></span> <span class='ocrx_word' id='word_1_174' title='bbox 1090 3065 1201 3135; x_wconf 87' lang='lat' dir='ltr'><strong>primum</strong></span> <span class='ocrx_word' id='word_1_175' title='bbox 1215 3066 1306 3118; x_wconf 75' lang='lat' dir='ltr'><strong>Latine</strong></span> <span class='ocrx_word' id='word_1_176' title='bbox 1316 3067 1363 3119; x_wconf 92' lang='lat' dir='ltr'><strong>do·</strong></span> 
     </span>
     <span class='ocr_line' id='line_1_23' title="bbox 278 3139 1360 3214; baseline -0.004 -18"><span class='ocrx_word' id='word_1_177' title='bbox 278 3157 346 3207; x_wconf 86' lang='lat' dir='ltr'><strong>tem,</strong></span> <span class='ocrx_word' id='word_1_178' title='bbox 364 3154 388 3195; x_wconf 89' lang='lat' dir='ltr'><strong>ct</strong></span> <span class='ocrx_word' id='word_1_179' title='bbox 402 3141 481 3195; x_wconf 84' lang='lat' dir='ltr'><strong>libros</strong></span> <span class='ocrx_word' id='word_1_180' title='bbox 503 3151 605 3194; x_wconf 83' lang='lat' dir='ltr'><strong>veteres.</strong></span> <span class='ocrx_word' id='word_1_181' title='bbox 625 3141 648 3192; x_wconf 85' lang='lat' dir='ltr'><strong>le</strong></span> <span class='ocrx_word' id='word_1_182' title='bbox 667 3141 737 3192; x_wconf 84' lang='lat' dir='ltr'><strong>enim</strong></span> <span class='ocrx_word' id='word_1_183' title='bbox 756 3154 793 3194; x_wconf 83' lang='lat' dir='ltr'><strong>est</strong></span> <span class='ocrx_word' id='word_1_184' title='bbox 843 3157 898 3191; x_wconf 90' lang='lat' dir='ltr'><strong>cere</strong></span> <span class='ocrx_word' id='word_1_185' title='bbox 909 3139 1011 3214; x_wconf 79' lang='lat' dir='ltr'><strong>erepisss</strong></span> <span class='ocrx_word' id='word_1_186' title='bbox 1026 3143 1055 3192; x_wconf 84' lang='lat' dir='ltr'><strong>L.</strong></span> <span class='ocrx_word' id='word_1_187' title='bbox 1067 3141 1180 3195; x_wconf 86' lang='lat' dir='ltr'><strong>Plotium</strong></span> <span class='ocrx_word' id='word_1_188' title='bbox 1189 3145 1360 3214; x_wconf 75' lang='lat' dir='ltr'><strong>quemdam.»</strong></span> 
     </span>
     <span class='ocr_line' id='line_1_24' title="bbox 279 3217 1361 3294; baseline 0.004 -18"><span class='ocrx_word' id='word_1_189' title='bbox 279 3221 379 3276; x_wconf 79' lang='lat' dir='ltr'><strong>Sextius</strong></span> <span class='ocrx_word' id='word_1_190' title='bbox 392 3217 557 3294; x_wconf 84' lang='lat' dir='ltr'><strong>philosophus</strong></span> <span class='ocrx_word' id='word_1_191' title='bbox 573 3217 695 3281; x_wconf 77' lang='lat' dir='ltr'><strong>Fabiani,</strong></span> <span class='ocrx_word' id='word_1_192' title='bbox 710 3232 734 3271; x_wconf 88' lang='lat' dir='ltr'><strong>ct</strong></span> <span class='ocrx_word' id='word_1_193' title='bbox 746 3218 795 3272; x_wconf 91' lang='lat' dir='ltr'><strong>So·</strong></span> <span class='ocrx_word' id='word_1_194' title='bbox 842 3219 882 3271; x_wconf 89' lang='lat' dir='ltr'><strong>De</strong></span> <span class='ocrx_word' id='word_1_195' title='bbox 897 3240 949 3290; x_wconf 89' lang='lat' dir='ltr'><strong>quo</strong></span> <span class='ocrx_word' id='word_1_196' title='bbox 963 3221 1036 3294; x_wconf 83' lang='lat' dir='ltr'><strong>plura</strong></span> <span class='ocrx_word' id='word_1_197' title='bbox 1054 3222 1121 3294; x_wconf 82' lang='lat' dir='ltr'><strong>apud</strong></span> <span class='ocrx_word' id='word_1_198' title='bbox 1135 3224 1253 3277; x_wconf 89' lang='lat' dir='ltr'><strong>eumdem</strong></span> <span class='ocrx_word' id='word_1_199' title='bbox 1268 3225 1361 3280; x_wconf 89' lang='lat' dir='ltr'><strong>Sueto·</strong></span> 
     </span>
     <span class='ocr_line' id='line_1_25' title="bbox 280 3296 1360 3376; baseline 0.004 -23"><span class='ocrx_word' id='word_1_200' title='bbox 280 3300 360 3354; x_wconf 81' lang='lat' dir='ltr'><strong>rionis</strong></span> <span class='ocrx_word' id='word_1_201' title='bbox 374 3299 399 3348; x_wconf 80' lang='lat' dir='ltr'><strong>b.</strong></span> <span class='ocrx_word' id='word_1_202' title='bbox 413 3299 517 3352; x_wconf 76' lang='lat' dir='ltr'><strong>Seneca:</strong></span> <span class='ocrx_word' id='word_1_203' title='bbox 526 3299 685 3370; x_wconf 70' lang='lat' dir='ltr'><strong>preceptori:</strong></span> <span class='ocrx_word' id='word_1_204' title='bbox 695 3296 791 3351; x_wconf 92' lang='lat' dir='ltr'><strong>doctor.</strong></span> <span class='ocrx_word' id='word_1_205' title='bbox 842 3296 914 3350; x_wconf 87' lang='lat' dir='ltr'><strong>nium</strong></span> <span class='ocrx_word' id='word_1_206' title='bbox 924 3311 948 3352; x_wconf 90' lang='lat' dir='ltr'><strong>et</strong></span> <span class='ocrx_word' id='word_1_207' title='bbox 960 3299 1160 3368; x_wconf 79' lang='lat' dir='ltr'><strong>Quintilianum,</strong></span> <span class='ocrx_word' id='word_1_208' title='bbox 1173 3302 1325 3376; x_wconf 81' lang='lat' dir='ltr'><strong>lib.ll,esp.</strong></span> <span class='ocrx_word' id='word_1_209' title='bbox 1334 3307 1360 3373; x_wconf 68' lang='lat'><strong>4,</strong></span> 
     </span>
     <span class='ocr_line' id='line_1_26' title="bbox 279 3375 1362 3454; baseline 0.006 -24"><span class='ocrx_word' id='word_1_210' title='bbox 279 3379 438 3430; x_wconf 78' lang='lat' dir='ltr'><strong>Ducentem</strong></span> <span class='ocrx_word' id='word_1_211' title='bbox 453 3376 556 3430; x_wconf 79' lang='lat' dir='ltr'><strong>fuemm</strong></span> <span class='ocrx_word' id='word_1_212' title='bbox 572 3375 666 3444; x_wconf 76' lang='lat' dir='ltr'><strong>senii,</strong></span> <span class='ocrx_word' id='word_1_213' title='bbox 680 3378 713 3447; x_wconf 82' lang='lat' dir='ltr'><strong>Q.</strong></span> <span class='ocrx_word' id='word_1_214' title='bbox 723 3377 794 3429; x_wconf 86' lang='lat' dir='ltr'><strong>vide·</strong></span> <span class='ocrx_word' id='word_1_215' title='bbox 842 3375 902 3428; x_wconf 81' lang='lat' dir='ltr'><strong>vide</strong></span> <span class='ocrx_word' id='word_1_216' title='bbox 917 3395 992 3447; x_wconf 87' lang='lat' dir='ltr'><strong>quem</strong></span> <span class='ocrx_word' id='word_1_217' title='bbox 1011 3377 1087 3431; x_wconf 82' lang='lat' dir='ltr'><strong>etism</strong></span> <span class='ocrx_word' id='word_1_218' title='bbox 1098 3414 1105 3442; x_wconf 91' lang='lat'><strong>,</strong></span> <span class='ocrx_word' id='word_1_219' title='bbox 1118 3377 1162 3431; x_wconf 91' lang='lat' dir='ltr'><strong>lib.</strong></span> <span class='ocrx_word' id='word_1_220' title='bbox 1171 3381 1229 3447; x_wconf 88' lang='lat' dir='ltr'><strong>XI,</strong></span> <span class='ocrx_word' id='word_1_221' title='bbox 1244 3399 1299 3454; x_wconf 84' lang='lat' dir='ltr'><strong>esp.</strong></span> <span class='ocrx_word' id='word_1_222' title='bbox 1313 3383 1362 3436; x_wconf 83' lang='lat' dir='ltr'><strong>ult.</strong></span> 
     </span>
     <span class='ocr_line' id='line_1_27' title="bbox 278 3454 1362 3530; baseline 0.005 -22"><span class='ocrx_word' id='word_1_223' title='bbox 278 3455 340 3508; x_wconf 88' lang='lat' dir='ltr'><strong>lieet</strong></span> <span class='ocrx_word' id='word_1_224' title='bbox 351 3454 450 3509; x_wconf 85' lang='lat' dir='ltr'><strong>Sestius</strong></span> <span class='ocrx_word' id='word_1_225' title='bbox 461 3467 541 3528; x_wconf 81' lang='lat' dir='ltr'><strong>peter,</strong></span> <span class='ocrx_word' id='word_1_226' title='bbox 557 3455 602 3526; x_wconf 77' lang='lat' dir='ltr'><strong>qni</strong></span> <span class='ocrx_word' id='word_1_227' title='bbox 619 3475 635 3512; x_wconf 81' lang='lat' dir='ltr'><strong>a</strong></span> <span class='ocrx_word' id='word_1_228' title='bbox 652 3454 712 3507; x_wconf 84' lang='lat' dir='ltr'><strong>divo</strong></span> <span class='ocrx_word' id='word_1_229' title='bbox 722 3454 793 3506; x_wconf 83' lang='lat' dir='ltr'><strong>Julio</strong></span> <span class='ocrx_word' id='word_1_230' title='bbox 844 3456 875 3508; x_wconf 88' lang='lat' dir='ltr'><strong>de</strong></span> <span class='ocrx_word' id='word_1_231' title='bbox 892 3469 964 3528; x_wconf 76' lang='lat' dir='ltr'><strong>gestu</strong></span> <span class='ocrx_word' id='word_1_232' title='bbox 975 3459 1102 3530; x_wconf 81' lang='lat' dir='ltr'><strong>scripsisse</strong></span> <span class='ocrx_word' id='word_1_233' title='bbox 1114 3460 1199 3514; x_wconf 76' lang='lat' dir='ltr'><strong>tradit</strong></span> <span class='ocrx_word' id='word_1_234' title='bbox 1212 3463 1249 3514; x_wconf 86' lang='lat' dir='ltr'><strong>N.</strong></span> <span class='ocrx_word' id='word_1_235' title='bbox 1261 3461 1362 3516; x_wconf 78' lang='lat' dir='ltr'><strong>Faber.</strong></span> 
     </span>
     <span class='ocr_line' id='line_1_28' title="bbox 280 3535 1363 3611; baseline 0.006 -23"><span class='ocrx_word' id='word_1_236' title='bbox 280 3535 793 3601; x_wconf 75' lang='lat' dir='ltr'><strong>letumclevomsihioblatumrceussvit,</strong></span> <span class='ocrx_word' id='word_1_237' title='bbox 876 3535 900 3589; x_wconf 84' lang='lat'><strong>3.</strong></span> <span class='ocrx_word' id='word_1_238' title='bbox 913 3535 1363 3611; x_wconf 79' lang='lat' dir='ltr'><strong>Tantomt&#39;noremnotuqucmipse</strong></span> 
     </span>
     <span class='ocr_line' id='line_1_29' title="bbox 280 3610 1360 3687; baseline 0.003 -19"><span class='ocrx_word' id='word_1_239' title='bbox 280 3627 306 3668; x_wconf 88' lang='lat' dir='ltr'><strong>et</strong></span> <span class='ocrx_word' id='word_1_240' title='bbox 316 3613 371 3687; x_wconf 82' lang='lat' dir='ltr'><strong>ejus</strong></span> <span class='ocrx_word' id='word_1_241' title='bbox 381 3610 463 3679; x_wconf 77' lang='lat' dir='ltr'><strong>filius,</strong></span> <span class='ocrx_word' id='word_1_242' title='bbox 475 3611 507 3665; x_wconf 88' lang='lat' dir='ltr'><strong>de</strong></span> <span class='ocrx_word' id='word_1_243' title='bbox 517 3633 569 3684; x_wconf 86' lang='lat' dir='ltr'><strong>quo</strong></span> <span class='ocrx_word' id='word_1_244' title='bbox 579 3613 794 3686; x_wconf 63' lang='lat' dir='ltr'><strong>Hieronymus</strong></span> <span class='ocrx_word' id='word_1_245' title='bbox 843 3622 908 3665; x_wconf 83' lang='lat' dir='ltr'><strong>emt.</strong></span> <span class='ocrx_word' id='word_1_246' title='bbox 921 3613 958 3666; x_wconf 81' lang='lat' dir='ltr'><strong>lta</strong></span> <span class='ocrx_word' id='word_1_247' title='bbox 974 3613 1048 3684; x_wconf 81' lang='lat' dir='ltr'><strong>plene</strong></span> <span class='ocrx_word' id='word_1_248' title='bbox 1069 3614 1121 3668; x_wconf 89' lang='lat' dir='ltr'><strong>duo</strong></span> <span class='ocrx_word' id='word_1_249' title='bbox 1138 3617 1228 3687; x_wconf 85' lang='lat' dir='ltr'><strong>optimi</strong></span> <span class='ocrx_word' id='word_1_250' title='bbox 1241 3617 1360 3682; x_wconf 82' lang='lat' dir='ltr'><strong>codices,</strong></span> 
     </span>
     <span class='ocr_line' id='line_1_30' title="bbox 282 3691 1360 3766; baseline 0.004 -20"><span class='ocrx_word' id='word_1_251' title='bbox 282 3711 422 3763; x_wconf 78' lang='lat' dir='ltr'><strong>annoque</strong></span> <span class='ocrx_word' id='word_1_252' title='bbox 443 3691 574 3744; x_wconf 85' lang='lat' dir='ltr'><strong>Christum</strong></span> <span class='ocrx_word' id='word_1_253' title='bbox 592 3703 682 3745; x_wconf 81' lang='lat' dir='ltr'><strong>neturn</strong></span> <span class='ocrx_word' id='word_1_254' title='bbox 700 3691 793 3759; x_wconf 84' lang='lat' dir='ltr'><strong>tradit,</strong></span> <span class='ocrx_word' id='word_1_255' title='bbox 843 3711 891 3745; x_wconf 84' lang='lat' dir='ltr'><strong>nec</strong></span> <span class='ocrx_word' id='word_1_256' title='bbox 913 3705 998 3744; x_wconf 80' lang='lat' dir='ltr'><strong>temen</strong></span> <span class='ocrx_word' id='word_1_257' title='bbox 1017 3707 1163 3766; x_wconf 71' lang='lat' dir='ltr'><strong>percurato:</strong></span> <span class='ocrx_word' id='word_1_258' title='bbox 1185 3696 1275 3759; x_wconf 86' lang='lat' dir='ltr'><strong>locus,</strong></span> <span class='ocrx_word' id='word_1_259' title='bbox 1297 3717 1360 3750; x_wconf 80' lang='lat' dir='ltr'><strong>nem</strong></span> 
     </span>
     <span class='ocr_line' id='line_1_31' title="bbox 281 3767 1361 3845; baseline 0.006 -22"><span class='ocrx_word' id='word_1_260' title='bbox 281 3769 338 3825; x_wconf 78' lang='lat' dir='ltr'><strong>haec</strong></span> <span class='ocrx_word' id='word_1_261' title='bbox 354 3771 449 3824; x_wconf 86' lang='lat' dir='ltr'><strong>refert:</strong></span> <span class='ocrx_word' id='word_1_262' title='bbox 463 3790 477 3832; x_wconf 61' lang='grc' dir='ltr'><strong>Ψ(</strong></span> <span class='ocrx_word' id='word_1_263' title='bbox 490 3769 590 3822; x_wconf 83' lang='lat' dir='ltr'><strong>Sestius</strong></span> <span class='ocrx_word' id='word_1_264' title='bbox 610 3767 794 3841; x_wconf 78' lang='lat' dir='ltr'><strong>Pythagoricus</strong></span> <span class='ocrx_word' id='word_1_265' title='bbox 843 3791 922 3843; x_wconf 84' lang='lat' dir='ltr'><strong>quum</strong></span> <span class='ocrx_word' id='word_1_266' title='bbox 931 3773 1085 3845; x_wconf 77' lang='lat' dir='ltr'><strong>comparatio</strong></span> <span class='ocrx_word' id='word_1_267' title='bbox 1094 3774 1162 3828; x_wconf 88' lang='lat' dir='ltr'><strong>inter</strong></span> <span class='ocrx_word' id='word_1_268' title='bbox 1171 3777 1235 3829; x_wconf 88' lang='lat' dir='ltr'><strong>duos</strong></span> <span class='ocrx_word' id='word_1_269' title='bbox 1248 3773 1306 3829; x_wconf 87' lang='lat' dir='ltr'><strong>lieri</strong></span> <span class='ocrx_word' id='word_1_270' title='bbox 1318 3777 1361 3830; x_wconf 91' lang='lat' dir='ltr'><strong>de·</strong></span> 
     </span>
     <span class='ocr_line' id='line_1_32' title="bbox 282 3846 1360 3923; baseline 0.006 -20"><span class='ocrx_word' id='word_1_271' title='bbox 282 3847 448 3923; x_wconf 83' lang='lat' dir='ltr'><strong>philosophus</strong></span> <span class='ocrx_word' id='word_1_272' title='bbox 461 3846 579 3901; x_wconf 84' lang='lat' dir='ltr'><strong>nescitur.</strong></span> <span class='ocrx_word' id='word_1_273' title='bbox 589 3867 603 3894; x_wconf 77' lang='lat' dir='ltr'><strong>»t</strong></span> <span class='ocrx_word' id='word_1_274' title='bbox 843 3848 915 3915; x_wconf 84' lang='lat' dir='ltr'><strong>best,</strong></span> <span class='ocrx_word' id='word_1_275' title='bbox 931 3849 972 3904; x_wconf 88' lang='lat' dir='ltr'><strong>bic</strong></span> <span class='ocrx_word' id='word_1_276' title='bbox 990 3871 1044 3904; x_wconf 90' lang='lat' dir='ltr'><strong>non</strong></span> <span class='ocrx_word' id='word_1_277' title='bbox 1063 3851 1100 3905; x_wconf 84' lang='lat' dir='ltr'><strong>fit.</strong></span> <span class='ocrx_word' id='word_1_278' title='bbox 1119 3856 1192 3908; x_wconf 88' lang='lat' dir='ltr'><strong>Idem</strong></span> <span class='ocrx_word' id='word_1_279' title='bbox 1212 3855 1280 3908; x_wconf 87' lang='lat' dir='ltr'><strong>enim</strong></span> <span class='ocrx_word' id='word_1_280' title='bbox 1295 3875 1325 3909; x_wconf 84' lang='lat' dir='ltr'><strong>se</strong></span> <span class='ocrx_word' id='word_1_281' title='bbox 1337 3857 1360 3909; x_wconf 85' lang='lat' dir='ltr'><strong>si</strong></span> 
     </span>
    </p>

    <p class='ocr_par' dir='ltr' id='par_1_6' title="bbox 282 3923 1361 4398">
     <span class='ocr_line' id='line_1_33' title="bbox 318 3923 1361 4001; baseline 0.007 -22"><span class='ocrx_word' id='word_1_282' title='bbox 318 3925 434 3980; x_wconf 78' lang='lat' dir='ltr'><strong>2.Puero</strong></span> <span class='ocrx_word' id='word_1_283' title='bbox 445 3926 570 3988; x_wconf 81' lang='lat' dir='ltr'><strong>Cicerone,</strong></span> <span class='ocrx_word' id='word_1_284' title='bbox 578 3923 795 3978; x_wconf 61' lang='lat' dir='ltr'><strong>praeiacente-</strong></span> <span class='ocrx_word' id='word_1_285' title='bbox 842 3927 962 3998; x_wconf 82' lang='lat' dir='ltr'><strong>scriptum</strong></span> <span class='ocrx_word' id='word_1_286' title='bbox 974 3941 1051 3994; x_wconf 84' lang='lat' dir='ltr'><strong>esset,</strong></span> <span class='ocrx_word' id='word_1_287' title='bbox 1063 3941 1142 4001; x_wconf 63' lang='lat' dir='ltr'><strong>elego</strong></span> <span class='ocrx_word' id='word_1_288' title='bbox 1151 3943 1225 3985; x_wconf 82' lang='lat' dir='ltr'><strong>tanto</strong></span> <span class='ocrx_word' id='word_1_289' title='bbox 1231 3935 1361 3986; x_wconf 82' lang='lat' dir='ltr'><strong>nrinorem</strong></span> 
     </span>
     <span class='ocr_line' id='line_1_34' title="bbox 282 4000 1361 4079; baseline 0.002 -20"><span class='ocrx_word' id='word_1_290' title='bbox 282 4022 406 4078; x_wconf 83' lang='lat' dir='ltr'><strong>ronymus</strong></span> <span class='ocrx_word' id='word_1_291' title='bbox 426 4004 460 4058; x_wconf 87' lang='lat' dir='ltr'><strong>sd</strong></span> <span class='ocrx_word' id='word_1_292' title='bbox 476 4000 794 4076; x_wconf 72' lang='lat' dir='ltr'><strong>EusebiiChronologiem</strong></span> <span class='ocrx_word' id='word_1_293' title='bbox 842 4014 908 4057; x_wconf 80' lang='lat' dir='ltr'><strong>notu</strong></span> <span class='ocrx_word' id='word_1_294' title='bbox 932 4003 1099 4071; x_wconf 78' lang='lat' dir='ltr'><strong>Fabianum,</strong></span> <span class='ocrx_word' id='word_1_295' title='bbox 1118 4029 1202 4079; x_wconf 80' lang='lat' dir='ltr'><strong>quum</strong></span> <span class='ocrx_word' id='word_1_296' title='bbox 1219 4013 1275 4078; x_wconf 63' lang='lat' dir='ltr'><strong>epse</strong></span> <span class='ocrx_word' id='word_1_297' title='bbox 1294 4009 1361 4062; x_wconf 76' lang='lat' dir='ltr'><strong>Fa-</strong></span> 
     </span>
     <span class='ocr_line' id='line_1_35' title="bbox 283 4079 1359 4160; baseline 0.006 -24"><span class='ocrx_word' id='word_1_298' title='bbox 283 4083 391 4157; x_wconf 76' lang='lat' dir='ltr'><strong>Olymp.</strong></span> <span class='ocrx_word' id='word_1_299' title='bbox 411 4079 459 4136; x_wconf 80' lang='lat'><strong>183</strong></span> <span class='ocrx_word' id='word_1_300' title='bbox 476 4100 484 4136; x_wconf 92' lang='lat'><strong>:</strong></span> <span class='ocrx_word' id='word_1_301' title='bbox 503 4104 516 4130; x_wconf 75' lang='lat' dir='ltr'><strong>e</strong></span> <span class='ocrx_word' id='word_1_302' title='bbox 526 4082 553 4135; x_wconf 81' lang='lat' dir='ltr'><strong>L.</strong></span> <span class='ocrx_word' id='word_1_303' title='bbox 571 4080 668 4135; x_wconf 84' lang='lat' dir='ltr'><strong>Plotius</strong></span> <span class='ocrx_word' id='word_1_304' title='bbox 685 4080 792 4147; x_wconf 82' lang='lat' dir='ltr'><strong>Gallus,</strong></span> <span class='ocrx_word' id='word_1_305' title='bbox 842 4083 938 4136; x_wconf 70' lang='lat' dir='ltr'><strong>dianus</strong></span> <span class='ocrx_word' id='word_1_306' title='bbox 949 4095 1019 4147; x_wconf 83' lang='lat' dir='ltr'><strong>erat,</strong></span> <span class='ocrx_word' id='word_1_307' title='bbox 1032 4087 1103 4157; x_wconf 87' lang='lat' dir='ltr'><strong>quod</strong></span> <span class='ocrx_word' id='word_1_308' title='bbox 1115 4086 1231 4160; x_wconf 88' lang='lat' dir='ltr'><strong>ineptum</strong></span> <span class='ocrx_word' id='word_1_309' title='bbox 1244 4100 1295 4154; x_wconf 84' lang='lat' dir='ltr'><strong>est,</strong></span> <span class='ocrx_word' id='word_1_310' title='bbox 1311 4107 1359 4142; x_wconf 88' lang='lat' dir='ltr'><strong>nec</strong></span> 
     </span>
     <span class='ocr_line' id='line_1_36' title="bbox 283 4157 1357 4240; baseline 0.006 -26"><span class='ocrx_word' id='word_1_311' title='bbox 283 4161 383 4232; x_wconf 86' lang='lat' dir='ltr'><strong>inquit,</strong></span> <span class='ocrx_word' id='word_1_312' title='bbox 402 4160 498 4234; x_wconf 82' lang='lat' dir='ltr'><strong>primus</strong></span> <span class='ocrx_word' id='word_1_313' title='bbox 510 4159 597 4213; x_wconf 67' lang='lat' dir='ltr'><strong>home</strong></span> <span class='ocrx_word' id='word_1_314' title='bbox 608 4157 714 4212; x_wconf 83' lang='lat' dir='ltr'><strong>latinam</strong></span> <span class='ocrx_word' id='word_1_315' title='bbox 725 4159 793 4213; x_wconf 81' lang='lat' dir='ltr'><strong>lihe-</strong></span> <span class='ocrx_word' id='word_1_316' title='bbox 842 4163 971 4216; x_wconf 77' lang='lat' dir='ltr'><strong>Latinum.</strong></span> <span class='ocrx_word' id='word_1_317' title='bbox 995 4165 1068 4218; x_wconf 82' lang='lat' dir='ltr'><strong>Infra</strong></span> <span class='ocrx_word' id='word_1_318' title='bbox 1085 4166 1234 4240; x_wconf 69' lang='lat' dir='ltr'><strong>prelatione</strong></span> <span class='ocrx_word' id='word_1_319' title='bbox 1251 4167 1357 4238; x_wconf 82' lang='lat' dir='ltr'><strong>septime</strong></span> 
     </span>
     <span class='ocr_line' id='line_1_37' title="bbox 283 4239 1358 4299; baseline 0.005 -7"><span class='ocrx_word' id='word_1_320' title='bbox 283 4241 389 4292; x_wconf 80' lang='lat' dir='ltr'><strong>toricam</strong></span> <span class='ocrx_word' id='word_1_321' title='bbox 407 4240 525 4294; x_wconf 78' lang='lat' dir='ltr'><strong>docuit»</strong></span> <span class='ocrx_word' id='word_1_322' title='bbox 546 4239 635 4293; x_wconf 82' lang='lat' dir='ltr'><strong>Cicero</strong></span> <span class='ocrx_word' id='word_1_323' title='bbox 653 4241 686 4293; x_wconf 84' lang='lat' dir='ltr'><strong>ad</strong></span> <span class='ocrx_word' id='word_1_324' title='bbox 709 4241 793 4294; x_wconf 78' lang='lat' dir='ltr'><strong>‘titin-</strong></span> <span class='ocrx_word' id='word_1_325' title='bbox 841 4239 873 4293; x_wconf 88' lang='lat' dir='ltr'><strong>de</strong></span> <span class='ocrx_word' id='word_1_326' title='bbox 886 4241 991 4296; x_wconf 82' lang='lat' dir='ltr'><strong>Albutio</strong></span> <span class='ocrx_word' id='word_1_327' title='bbox 1002 4242 1106 4298; x_wconf 87' lang='lat' dir='ltr'><strong>scribit:</strong></span> <span class='ocrx_word' id='word_1_328' title='bbox 1122 4243 1253 4298; x_wconf 77' lang='lat' dir='ltr'><strong>«Memini</strong></span> <span class='ocrx_word' id='word_1_329' title='bbox 1264 4245 1358 4299; x_wconf 86' lang='lat' dir='ltr'><strong>omni·</strong></span> 
     </span>
     <span class='ocr_line' id='line_1_38' title="bbox 283 4318 1357 4398; baseline 0.007 -27"><span class='ocrx_word' id='word_1_330' title='bbox 283 4318 356 4373; x_wconf 87' lang='lat' dir='ltr'><strong>nium</strong></span> <span class='ocrx_word' id='word_1_331' title='bbox 364 4359 371 4392; x_wconf 86' lang='lat'><strong>,</strong></span> <span class='ocrx_word' id='word_1_332' title='bbox 385 4319 508 4374; x_wconf 82' lang='lat' dir='ltr'><strong>referente</strong></span> <span class='ocrx_word' id='word_1_333' title='bbox 529 4319 653 4375; x_wconf 76' lang='lat' dir='ltr'><strong>Suetonio</strong></span> <span class='ocrx_word' id='word_1_334' title='bbox 671 4320 702 4374; x_wconf 91' lang='lat' dir='ltr'><strong>de</strong></span> <span class='ocrx_word' id='word_1_335' title='bbox 717 4319 790 4377; x_wconf 80' lang='lat' dir='ltr'><strong>cleris</strong></span> <span class='ocrx_word' id='word_1_336' title='bbox 841 4319 887 4374; x_wconf 87' lang='lat' dir='ltr'><strong>but</strong></span> <span class='ocrx_word' id='word_1_337' title='bbox 900 4320 971 4375; x_wconf 91' lang='lat' dir='ltr'><strong>illurn</strong></span> <span class='ocrx_word' id='word_1_338' title='bbox 984 4322 1058 4378; x_wconf 84' lang='lat' dir='ltr'><strong>rebus</strong></span> <span class='ocrx_word' id='word_1_339' title='bbox 1070 4321 1168 4378; x_wconf 81' lang='lat' dir='ltr'><strong>omissis</strong></span> <span class='ocrx_word' id='word_1_340' title='bbox 1179 4324 1246 4398; x_wconf 84' lang='lat' dir='ltr'><strong>spud</strong></span> <span class='ocrx_word' id='word_1_341' title='bbox 1256 4322 1357 4395; x_wconf 66' lang='lat' dir='ltr'><strong>Fsbis7</strong></span> 
     </span>
    </p>
   </div>
   <div class='ocr_carea' id='block_1_6' title="bbox 0 0 1453 4816">
    <p class='ocr_par' dir='ltr' id='par_1_7' title="bbox 0 0 1453 4816">
     <span class='ocr_line' id='line_1_39' title="bbox 0 0 1453 4816; baseline 0 0"><span class='ocrx_word' id='word_1_342' title='bbox 0 0 1453 4816; x_wconf 95' lang='lat' dir='ltr'><strong> </strong></span> 
     </span>
    </p>
   </div>
  </div>
 </body>
</html>
