2874 4796
231 431 234 442 ’
289 473 521 540 areanum
545 473 706 540 coum.
732 473 812 539 uo.
839 473 893 554 u,
921 497 952 562 7.
1088 475 1148 564 49¹

330 788 753 903 DECLAMATIO
784 788 894 875 Vll.

308 1003 585 1054 PBREGRINUS
619 1003 929 1055 NEGOTIATOR.

1162 1072 1166 1102 l

77 1175 199 1234 Tam.
214 1172 350 1254 Quidam,
363 1193 447 1254 quum
458 1170 884 1252 liaberetsomoramuuomm,
896 1174 1157 1255 pmgnprofeoau

122 1282 184 1340 est,-
197 1275 228 1332 in
242 1274 372 1334 vamum
385 1271 509 1332 mubbns
519 1273 681 1352 peregrinus
694 1282 835 1333 mercator
847 1275 998 1352 migravit:
1013 1286 1057 1336 ter
1074 1277 1155 1336 illam

120 1375 275 1456 appellavit
285 1375 320 1434 de
330 1384 442 1455 stupro,
458 1372 576 1454 otljectis
586 1375 694 1458 ppetiis.
715 1373 840 1452 Negavit
851 1377 915 1434 illa.
929 1371 1058 1436 Decessit
1067 1399 1156 1454 maor

121 1477 217 1544 tiuton
235 1483 398 1536 testamento
412 1471 632 1534 omuibus-bouis
646 1496 709 1534 eam
720 1475 830 1557 rubipuit
841 1475 1001 1536 lroeredem:
1012 1487 1040 1536 et
1052 1477 1158 1558 ardeat

121 1575 271 1652 elogium:
281 1573 354 1649 Quia
364 1573 499 1656 pudicam
507 1571 644 1654 comperi.
655 1571 727 1634 Adit
736 1575 941 1648 hereditatem
948 1575 1156 1636 adamanus:

122 1685 240 1736 accusat
251 1673 384 1736 odrtlten'i
394 1694 510 1735 umorem
527 1695 564 1736 ea:
579 1677 743 1757 nupt'cione.

445 1850 632 1918 (excom.
647 1867 676 1918 7,
690 1850 732 1900 ru.
751 1853 802 1920 u.)

129 2017 438 2087 DECLAMATIO.
458 2020 572 2087 Seram
592 2019 765 2112 querelam
787 2017 922 2088 detulit.
939 2018 1016 2087 Non
1033 2039 1155 2089 accuso

79 2133 289 2220 adulteram,
312 2136 378 2203 nisi
397 2133 536 2204 divitem
555 2135 689 2204 iactam.
712 2137 790 2205 Post
808 2151 918 2204 tantos
935 2125 1157 2229 impudicitiae

14 2323 17 2328 ,
77 2266 244 2344 questus,
265 2251 294 2318 si
312 2267 423 2321 unere
441 2275 576 2344 possum
589 2257 618 2337 ²,
635 2251 868 2322 confitendum
882 2251 1011 2337 babeo,
1025 2251 1091 2321 bac
1102 2275 1156 2322 me

77 2391 179 2438 nausa
199 2365 357 2438 abluisse.
376 2370 530 2464 Tempus
543 2385 594 2438 est
611 2369 654 2438 de
672 2392 779 2438 uxore
795 2371 915 2441 marito
929 2367 1038 2438 credi.
1053 2371 1157 2438 Ferat

76 2501 233 2554 matrona
255 2485 372 2554 oculos
389 2487 543 2578 jacentes
562 2486 744 2569 interram
762 2511 770 2553 ι
787 2501 822 2552 et
839 2483 1003 2554 adversus
1022 2485 1157 2554 officiu—

75 2624 153 2670 sum
168 2601 384 2670 salutatorem
402 2600 591 2672 inhumana
609 2603 837 2696 potiusquam
858 2595 1071 2672 verecunda³
1086 2601 1153 2670 altr

76 2717 181 2808 longe
199 2733 278 2786 ante
305 2740 399 2788 suam
425 2719 670 2813 impudicitiam
693 2743 766 2805 ore,
790 2731 890 2811 quani
910 2717 1016 2788 verbo
1037 2733 1152 2811 neget.

76 2833 186 2900 Nemo
209 2831 341 2900 fortiter
360 2849 541 2924 negantem
560 2836 684 2902 iterum
704 2832 851 2926 rogabit.
868 2833 1028 2902 Omnium
1048 2831 1156 2901 bono·

77 2971 156 3018 rum
171 2948 278 3020 barres
299 2951 370 3019 sola
393 2965 484 3036 esto,
508 2953 589 3044 quia
613 2953 785 3045 corrumpi
805 2973 875 3020 non
893 2949 1053 3046 potuisti,
1074 2952 1156 3043 quia

79 3084 151 3138 tam
172 3063 347 3137 fideliter⁴
374 3069 573 3162 pudicitiam
589 3069 782 3142 custodisti.
800 3071 893 3140 Taoe
903 3069 1079 3164 paulisper
1094 3092 1158 3138 no-

76 3209 158 3254 men
174 3187 333 3254 auctoris.
350 3188 532 3279 Nunquam
556 3209 626 3255 non
642 3202 876 3270 tentamentum
896 3188 965 3255 riri
979 3185 1157 3255 creditur?

76 3302 222 3372 Adeone
240 3305 310 3394 jam
334 3305 444 3371 omnis
461 3305 627 3397 patientia
650 3303 754 3372 seculi
779 3304 887 3371 nostri
909 3301 1015 3391 abiit,
1034 3320 1071 3371 ut
1094 3302 1158 3372 ad·

76 3441 198 3488 versus
212 3420 460 3511 querimoniam
472 3421 563 3502 viri,
580 3421 693 3488 alieno
716 3435 801 3488 teste
824 3419 1026 3488 defendatur
1046 3423 1157 3489 uxor?

75 3529 300 3603 Muliebrium
326 3537 485 3604 vitiorum
511 3530 793 3606 undamentun⁵
811 3536 953 3608 avaritia
977 3553 1041 3606 est.
1068 3536 1157 3629 Quae

78 3664 190 3741 potest
216 3672 287 3716 non
313 3649 433 3719 timere
459 3651 654 3743 opinionem
684 3648 867 3734 adulterii,
889 3666 998 3742 potest
1021 3674 1089 3719 non
1112 3652 1158 3717 ti·

114 3867 135 3901 ι.
146 3847 280 3918 Elogium.
293 3848 345 3901 Alii
357 3849 489 3918 elogionl.
500 3869 524 3920 p.
535 3848 591 3902 235.
674 3852 698 3916 4.
711 3849 847 3903 Fideliter.
860 3850 896 3902 lta
909 3851 1065 3902 membrana
1076 3848 1159 3904 ambe

112 3947 138 3979 a.
148 3925 182 3979 St
191 3938 275 3981 roem
282 3927 481 3995 possumlribb.
493 3940 552 3980 vett.
569 3932 594 3981 si
643 3939 668 3980 el
678 3928 730 3980 duo
745 3926 804 3980 libri
816 3947 856 3998 ap.
870 3927 968 3980 Sebott.
981 3925 1035 3979 Alii
1038 3928 1159 3999 feliciter.

77 4015 160 4059 tacere
172 4009 232 4074 jam
241 4025 359 4076 possum.
377 4005 427 4059 Alii
440 4017 522 4060 msere
532 4013 590 4070 ium
646 4009 799 4059 Gronovius.

77 4103 128 4136 non
139 4103 260 4152 possm
677 4087 699 4135 5.
718 4083 889 4136 Muliebrium
912 4085 1037 4134 vitiorum
1046 4083 1161 4154 sunda-

112 4161 135 4212 3.
149 4162 309 4216 Verecunda.
318 4163 358 4215 lta
368 4161 444 4216 Frob.
456 4162 508 4215 Alii
520 4164 594 4216 iuue-
643 4171 767 4223 mentum,
777 4161 978 4230 mauretusque
987 4161 1019 4212 ad
1028 4159 1158 4214 liblinem

83 4242 204 4292 reconda.
643 4239 669 4290 in
683 4239 848 4293 Frobeniano
862 4238 968 4311 quidem
985 4239 1111 4315 leguntur,
1125 4239 1158 4294 ab
