2874 4796
273 460 340 553 476
400 459 403 466 ’
597 459 644 524 Μ.
671 453 818 524 ANNE]
841 452 1022 524 SENECAE

540 787 977 876 DECLAMATIO
1014 787 1069 875 V.

638 1029 779 1078 RAPTOR
806 1027 969 1077 DUARUH.

320 1205 394 1266 Lux.
407 1203 517 1288 Rapta,
530 1206 650 1288 raptoris
659 1217 709 1264 aut
717 1217 850 1279 mortem,
861 1216 911 1266 aut
918 1203 1061 1264 indotatas
1071 1205 1186 1285 nuptias
1195 1215 1277 1286 optet
1284 1216 1303 1265 ¹.

271 1372 387 1437 Tuan.
404 1371 470 1442 Uno
486 1382 565 1433 nocte
574 1371 689 1454 quidm
700 1373 796 1451 rapuit
808 1371 891 1431 duur.
903 1368 1006 1432 Altero
1020 1381 1137 1432 monem
1147 1379 1245 1452 optut,
1259 1372 1354 1432 alteru

738 1472 882 1552 παρών.

581 1664 584 1670 ’
643 1649 978 1722 (mconuov.5‚1ib.1,)

322 1815 631 1888 DECLAMATIO.
652 1816 777 1911 Stupro
793 1832 984 1902 accusatur,
1002 1833 1121 1911 stupro
1135 1811 1347 1889 defenditur.

248 2011 251 2021 ,
274 1933 361 2004 Cum
373 1931 480 2002 altera
498 1948 592 2025 rapta
604 1930 734 2024 iitigat,
754 1929 895 2000 alteram
907 1931 1063 2001 advocat.
1077 1932 1276 2017 Vindicate,
1291 1959 1352 2029 pa·

277 2067 358 2117 tres.
388 2049 526 2116 Fortior
551 2047 698 2141 publicae
724 2047 914 2142 discipline
938 2051 1100 2119 severitas
1126 2066 1264 2142 surgat,
1282 2051 1352 2144 jam

276 2165 366 2232 binae
386 2163 579 2257 rapiuntur.
606 2161 684 2233 Coit
709 2164 876 2257 populus,
899 2165 992 2234 velut
1012 2163 1150 2259 publico
1167 2182 1263 2236 metu
1283 2182 1352 2234 ter

277 2281 380 2366 ritus,
400 2281 457 2350 vix
473 2277 616 2349 eredens
634 2279 720 2348 duos
738 2278 842 2348 inisse
861 2298 1028 2376 raptores.
1048 2283 1199 2352 Alteram
1218 2284 1356 2377 injurie·

277 2395 409 2489 rapuit,
429 2395 569 2465 alteram
587 2396 791 2490 patrocinio.
810 2399 966 2466 Perieras
980 2395 1070 2490 jam,
1091 2412 1223 2491 raptor,
1246 2401 1285 2466 ni
1302 2399 1353 2467 bis

276 2515 392 2607 perire
403 2515 593 2583 meruisses.
607 2516 644 2584 Si
654 2529 687 2582 te
701 2529 780 2582 ante
793 2516 972 2608 rapuisset,
990 2531 1025 2583 et
1038 2517 1175 2609 nuptias
1185 2532 1350 2608 optasses,

276 2629 402 2698 deinde
417 2629 506 2698 hano
522 2631 671 2699 vitiasset
685 2647 868 2723 antequam
889 2631 1054 2717 nuberes,
1072 2655 1218 2726 negares
1233 2631 1350 2718 iilum,

273 2747 417 2840 jubente
436 2764 554 2842 rapta,
579 2746 705 2816 debere
727 2750 813 2817 mori
825 2750 840 2817 Ρ
852 2749 948 2817 Nihil
961 2749 1106 2842 amplius
1121 2752 1254 2844 raptori
1267 2775 1355 2844 prm-

278 2881 366 2934 atare
392 2882 506 2958 potes,
534 2889 636 2956 quam
664 2888 708 2932 ne
736 2865 814 2957 lege
836 2883 893 2933 tua
912 2883 1043 2958 pereat.
1063 2867 1189 2935 Contra
1208 2867 1354 2936 alienam

277 2979 387 3074 legem
406 2980 537 3047 nulium
560 2980 618 3072 jus
643 2978 762 3048 habes.
787 2985 841 3048 Tu
867 2983 999 3076 raptori
1020 2999 1179 3076 praestas,
1198 2982 1355 3052 utillum

278 3097 351 3191 ipsa
368 3121 438 3165 non
457 3095 604 3165 occidas.
627 3097 703 3165 Non
726 3113 837 3190 potest
856 3115 1033 3191 praestare,
1049 3123 1094 3167 ne
1112 3100 1189 3191 quis
1205 3100 1351 3169 occidat.

326 3264 439 3332 PARS
453 3261 647 3332 ALTERA.
663 3265 758 3331 Inter
774 3285 879 3356 pares¹
892 3265 1077 3332 sententias
1093 3265 1207 3332 mitior
1223 3266 1349 3334 vineat.

278 3377 382 3446 Refer
394 3378 603 3471 virginiam,
626 3376 682 3445 dio
701 3371 929 3447 Lucretiam⁵.
947 3377 1068 3446 Plures
1088 3393 1200 3446 tamen
1222 3379 1357 3448 Sabina

279 3509 370 3561 sunt.
392 3493 682 3563 Contumeliosum
700 3495 785 3562 mihi
801 3497 868 3562 erit
884 3510 918 3561 te
935 3493 1073 3588 dignam
1088 3493 1223 3579 videri,
1242 3496 1281 3562 in
1295 3520 1353 3564 cu-

275 3610 333 3700 jus
354 3605 521 3677 honorem
546 3607 648 3676 homo
670 3607 863 3696 occidatur,
892 3632 946 3676 me
967 3608 1105 3702 dignam
1126 3633 1196 3676 non
1219 3609 1354 3694 videri,

279 3727 315 3795 iu
334 3723 432 3817 cujus
447 3726 612 3794 honorem
631 3744 798 3795 servetur.

314 3939 337 3973 t.
350 3919 434 3989 Optat.
447 3919 499 3973 Alii
507 3929 588 3989 petat.
839 3919 947 3987 «Quum
967 3917 1066 3973 foderet
1084 3917 1170 3993 gladio
1191 3930 1291 3972 ustum
1309 3918 1353 3970 Iu·

310 4019 334 4051 a.
355 4000 449 4052 Altera
466 4003 580 4067 nuptias.
604 3996 683 4052 Frob.
702 4000 788 4050 altem
839 3996 916 4047 tretia
930 4009 1031 4068 pretiis,
1053 3996 1191 4070 Sanguinis
1211 4009 1237 4050 et
1256 4009 1357 4052 torrens.

277 4079 385 4144 nuptias
394 4079 468 4144 petit.
839 4073 1011 4146 egrederetur,
1035 4075 1070 4128 ait
1089 4093 1096 4128 ι
1111 4075 1198 4128 Testes
1216 4076 1353 4150 procedant

309 4152 333 4205 3.
344 4153 398 4206 Dic
410 4151 569 4206 luentium.
584 4153 618 4205 D.
631 4149 789 4223 Augustinus
840 4171 881 4204 me
903 4171 956 4204 non
974 4152 1084 4219 tenure·
1097 4164 1225 4225 tyranno,
1244 4153 1352 4228 Sanguis

275 4229 320 4283 lib.
344 4230 376 4296 1,
400 4249 453 4302 cap.
474 4231 522 4299 38,
544 4229 575 4283 de
601 4228 708 4284 Ciuitate
721 4228 790 4283 Dei:
840 4230 907 4302 epod
928 4223 1032 4298 menes,
1052 4229 1153 4302 spiritua
1173 4243 1231 4284 ente
1252 4232 1350 4286 Deos-¹
