2842 4812
223 457 227 470 ¹
290 495 354 564 ²7⁰
619 472 667 536 M.
693 463 837 537 ANNAEI
862 471 1041 540 SENECAE

285 599 347 668 dit.
377 601 525 667 Facinus
557 596 755 690 iudignum!
785 597 979 668 felicissime
1006 600 1085 666 licet
1119 597 1216 666 cedat
1235 603 1336 681 actio,

283 717 320 786 id
338 717 445 785 solum
463 715 672 798 efficiemus,
697 716 813 806 utqui
837 715 963 783 occidit
981 717 1198 801 Ciceronem,
1223 731 1337 786 tantum

285 833 475 903 erubescat.
491 833 558 901 Pro
573 825 621 900 dii
635 828 734 898 boni!
752 832 900 900 occisum
915 833 1113 902 Ciceronem
1128 883 1139 920 ,
1156 833 1259 902 malos
1273 859 1339 902 mo-

283 976 338 1021 res
355 975 451 1020 voco.
845 1019 847 1026 ,

331 1066 469 1136 Ansuru
484 1065 570 1134 Sur.
587 1062 687 1133 Caede
701 1065 852 1132 cervices
862 1065 945 1134 tanti
955 1066 1038 1146 viri,
1052 1082 1086 1133 et
1099 1065 1241 1134 humero
1254 1082 1339 1134 tenus

280 1185 425 1252 recisum
434 1197 570 1275 amputa
584 1195 698 1273 caput.
710 1182 838 1262 Inone,
852 1196 887 1248 et
896 1203 984 1274 nega
998 1198 1031 1248 te
1044 1181 1261 1274 parricidam.
1274 1185 1338 1249 Hoc

283 1325 387 1370 unum
403 1313 516 1368 umen
534 1297 682 1366 feliciter
699 1295 831 1380 fecisti,
851 1297 943 1389 quod
969 1313 1047 1366 ante
1072 1298 1201 1370 occidis
1224 1316 1338 1394 patrem

282 1441 384 1510 quam
404 1416 619 1502 Ciceronem,
635 1412 785 1482 Facilius
799 1414 921 1480 Cicero
935 1437 998 1507 pro
1014 1414 1202 1506 parricidio
1217 1415 1338 1509 judices

281 1533 385 1603 movit
398 1583 407 1612 ‚
420 1550 522 1624 quam
531 1552 597 1623 pro
610 1553 647 1600 se
658 1529 833 1599 clientem.
847 1527 901 1596 Ad
911 1530 1047 1598 voshoc
1055 1580 1068 1615 ‚
1078 1532 1233 1624 patroni,
1244 1557 1339 1602 erem·

279 1650 373 1744 plum
388 1649 560 1742 pertinet3
576 1643 688 1713 nullos
705 1645 812 1736 magis
829 1642 901 1712 odit
915 1645 1088 1737 Popilius,
1104 1669 1207 1738 quam
1229 1649 1338 1740 quibus

279 1766 464 1860 plurimum
480 1760 594 1828 debet.
607 1759 821 1851 Ubicumque
835 1761 937 1844 estis,
954 1763 973 1828 J
975 1759 1090 1830 udices
1102 1813 1113 1846 ,
1130 1765 1192 1855 qui
1206 1765 1240 1831 in
1251 1765 1338 1832 istum

279 1904 375 1948 reum
393 1875 555 1945 sederatis
568 1879 593 1958 ¹,
611 1874 737 1967 ecquid
755 1879 897 1969 poenitet
913 1875 1121 1946 absolvisse?

329 1997 569 2065 Anonurtnrus.
592 1992 721 2085 Impius
739 2009 810 2077 est,
827 1995 980 2086 ingratus
997 2012 1048 2062 est
1065 2022 1072 2062 :
1087 1993 1198 2065 audeo
1210 1997 1334 2076 dicere,

280 2109 453 2208 parricida
466 2115 494 2176 ¹.
514 2109 626 2179 Sensit
653 2111 711 2201 qui
736 2105 948 2178 defenderat.
966 2111 1113 2204 Respice
1134 2107 1243 2180 forum
1263 2141 1272 2198 3
1289 2111 1338 2178 hic

279 2226 344 2296 sub
361 2224 527 2294 Cicerone
546 2219 663 2326 sedisti
690 2223 847 2317 :respice
864 2240 994 2309 rostra,
1018 2223 1077 2293 hio
1098 2248 1203 2319 snpra
1215 2225 1337 2294 Cicero·

280 2366 358 2411 nem
376 2341 510 2411 stetisti.
528 2336 703 2432 Quantum
718 2339 911 2433 eloquentis
920 2359 978 2410 tua
991 2342 1112 2412 Cicero
1125 2345 1236 2436 potuit
1245 2336 1337 2411 31ΡΡο-

279 2452 383 2555 pilius
400 2456 444 2526 de
464 2456 618 2526 moribus
642 2479 720 2526 reus
738 2473 801 2526 est.
822 2455 978 2526 Abscidit
993 2459 1143 2528 cervices
1158 2459 1334 2552 loquentis,

279 2577 352 2647 hanc
376 2593 427 2646 est
450 2574 595 2644 absoluti
619 2573 755 2643 clientis
777 2590 853 2667 post
869 2575 1010 2668 longum
1028 2591 1162 2668 tempus
1181 2577 1333 2646 salutatio.

279 2696 385 2761 Parce
399 2693 469 2786 jam
485 2713 617 2784 queso,
633 2691 759 2784 Popili.
779 2689 874 2759 Nihil
892 2689 956 2759 tibi
970 2692 1035 2759 nisi
1052 2691 1272 2762 occidendum
1282 2690 1336 2759 Ci-

277 2834 434 2880 oeronem
451 2807 623 2878 mandavit
641 2805 823 2876 Antonius.
844 2809 920 2876 Duo
938 2803 1020 2877 fecit
1037 2808 1222 2902 parricidia
1238 2830 1337 2902 3quo-

278 2951 353 2996 rum
371 2925 513 2995 alterum
530 2923 695 3004 audistis,
714 2924 858 2992 alterum
873 2923 1018 2994 vidistis.

328 3043 441 3110 Cusru
457 3043 527 3109 Pu.
542 3041 578 3110 si
593 3038 732 3124 dixero,
749 3039 987 3109 Adolescentia
1001 3042 1111 3134 turpis
1126 3059 1196 3126 est,
1216 3037 1336 3108 infantis

189 3238 190 3241 Ἴ
242 3179 244 3182 ·
278 3156 424 3253 pueritia
441 3171 492 3221 est
511 3179 518 3220 :
535 3153 774 3249 respondebit,
788 3157 863 3225 lam
875 3158 939 3223 ista
953 3155 1074 3224 Cicero
1092 3154 1256 3226 defendit.
1270 3155 1335 3222 Non

278 3270 407 3368 pudet,
425 3269 565 3363 Popili?
589 3285 764 3338 accusator
787 3287 865 3340 tuus
890 3262 1013 3339 vivit⁴.
1038 3271 1135 3365 Quid
1161 3288 1228 3340 tam
1250 3293 1334 3338 com-

277 3381 418 3470 mune⁵,
441 3411 543 3480 quam
568 3389 708 3480 spiritus
727 3388 834 3469 vivis,
860 3403 951 3456 terra
980 3389 1144 3471 mortuis,
1168 3410 1259 3456 mure
1274 3383 1335 3452 flu-

276 3623 340 3662 trem
352 3605 438 3682 patries
447 3605 597 3660 Ciceronem
609 3605 689 3659 libera
700 3605 786 3658 dixit.»
869 3604 893 3657 3.
907 3603 1046 3675 Quantum
1053 3607 1252 3675 eloqraenb'olua
1261 3601 1335 3656 Clam

279 3685 377 3740 Schult.
455 3745 457 3752 Ι
712 3706 716 3715 ·
832 3685 925 3749 potuit.
939 3682 1033 3734 Locum
1047 3681 1116 3736 hunc
1130 3681 1268 3744 illustrant,
1285 3692 1334 3749 que

314 3785 335 3818 r.
352 3761 410 3835 Qui
424 3767 451 3815 iu
470 3753 549 3815 istum
565 3781 637 3817 reum
653 3765 785 3816 redemtis.
836 3760 900 3813 dirit
917 3761 999 3814 Buteo
1012 3762 1089 3834 paulo
1099 3775 1157 3815 eote
1169 3757 1335 3815 diviesoluu.

278 3849 397 3918 Agnosco
414 3843 514 3895 sorenes
527 3843 686 3896 vocabulum.
699 3843 786 3896 Cicero
868 3845 893 3909 4.
906 3844 1052 3898 Accusator
1062 3855 1124 3897 tuus
1133 3847 1201 3898 visit.
1214 3837 1335 3894 Contraria

228 3959 232 3970 .
279 3924 306 3976 in
314 3920 451 3976 Milonien.
459 3931 483 3973 el
490 3940 536 3990 pro
543 3919 786 3973 Rabiriol’ostumo:
838 3944 867 3976 ex
879 3922 917 3974 his
931 3923 1042 3994 collige,
1056 3944 1082 3994 q.
1096 3924 1121 3977 d.
1137 3925 1228 3998 pudeat
1238 3935 1335 3972 accuse-

282 4023 296 4050 «
307 4000 386 4053 Modo
406 4019 450 4053 vos
467 3999 545 4052 iidem
561 4000 589 4052 in
602 4002 637 4053 A·
649 3997 787 4052 Gabinium
837 4012 917 4052 torem
936 4013 1008 4052 tunm
1028 4001 1132 4068 virere,
1146 4013 1169 4054 et
1181 4013 1308 4075 patronum
1322 4012 1334 4043 ι

279 4076 378 4150 jndices
389 4077 493 4132 sedistis.
501 4098 514 4124 υ
522 4076 618 4132 Sclrou.
839 4089 863 4130 te
876 4076 997 4132 occisum.
1007 4077 1104 4132 Srlrotl.

312 4175 334 4206 α.
354 4156 505 4208 Parricida.
523 4155 639 4209 Fortasse
655 4156 788 4224 parricida
871 4157 893 4208 5.
906 4156 983 4228 Quid
990 4167 1047 4209 tom
1058 4175 1199 4210 commuue.
1212 4157 1289 4210 locus
1298 4151 1333 4202 in·

279 4244 326 4286 est.
335 4233 371 4285 N.
380 4231 477 4287 Faber·
837 4234 915 4308 signis
932 4235 965 4288 ed
977 4235 1086 4290 litteram
1103 4256 1133 4290 ex
1145 4233 1272 4290 Ciceronis
1283 4247 1333 4282 on·
