2894 4784
323 375 390 460 ors
659 375 706 440 nt.
732 373 878 442 tuum
901 375 1083 444 sarnum

323 501 402 567 crit.
425 496 517 566 Idem
537 494 623 564 dixit
641 524 649 564 :
664 496 727 567 Illa
740 501 802 592 qui
821 499 983 569 classibus
1002 503 1075 570 suis
1093 503 1197 571 maria
1209 506 1359 598 surripuit,

324 617 385 707 qui
408 630 516 682 tonas
537 613 823 708 circumscripsit,
850 614 1004 683 dilatavit
1021 616 1244 710 profundum,
1268 643 1359 688 noran

325 751 439 796 rerum
457 742 585 794 naturae
600 689 719 795 inciam
738 729 908 820 imperat:
925 745 1030 821 ponat
1048 753 1131 800 sanc
1150 748 1260 800 contra
1271 732 1359 802 mian

324 859 435 912 castra
446 847 473 927 ¹,
493 843 738 912 commilitones
755 841 889 912 habebo
906 844 1001 913 daus.

373 962 532 1030 Sssrssrus
545 960 652 1028 multo
667 961 837 1053 potentius
855 959 941 1030 dixit
957 987 965 1029 ε
982 961 1113 1030 Terras
1125 965 1227 1032 armis
1237 963 1355 1046 obsidat,

325 1073 442 1143 caetum
452 1073 604 1167 sagittis,
620 1073 878 1144 mariavinculis
890 1101 898 1141 :
910 1075 1084 1160 Laconas,
1101 1077 1167 1145 nisi
1176 1077 1353 1161 succurritis,

326 1187 473 1257 mundus
490 1203 607 1280 captus
621 1204 683 1256 est.

373 1301 612 1374 Decentissimi
631 1305 767 1399 generis
780 1306 914 1374 stultam
931 1309 1161 1377 sententiam²
1175 1308 1356 1376 reserauit·

327 1447 437 1492 cuonrs
461 1423 635 1506 Srsrosrr,
660 1425 844 1517 municipis
865 1427 951 1508 mei,
975 1425 1075 1519 cujus
1096 1425 1216 1495 fabulis
1234 1425 1354 1494 memoria

328 1533 559 1634 dignissimis⁸
577 1540 701 1630 aliquis
729 1543 881 1610 suasoria
897 1543 1076 1611 occasione
1100 1542 1354 1612 contradictiousu

329 1658 483 1750 sumpsit.
513 1657 573 1744 At,
595 1657 725 1749 inquit,
748 1659 891 1726 trecenti
910 1682 1025 1727 sumus
1048 1685 1057 1726 τ
1079 1676 1114 1727 ct
1133 1660 1180 1727 ita
1195 1655 1352 1752 respondet.

325 1773 508 1854 Trecenti,
534 1771 594 1840 sed
616 1775 704 1855 viri,
736 1772 796 1842 sed
812 1773 953 1856 armati,
978 1773 1040 1842 scd
1061 1776 1230 1857 Lacones,
1256 1771 1302 1841 aad
1323 1767 1353 1838 ad

325 1887 586 1984 Thermopylas.
604 1892 784 1981 Nunquam
801 1889 871 1957 uidi
890 1890 1006 1983 plures
1026 1884 1226 1960 trecentos‘.

374 2005 487 2071 Lauso
500 2003 537 2070 in
547 2002 612 2072 hac
622 2005 785 2084 suasoria,
793 2025 898 2096 quum
910 2019 1089 2072 tractasset
1098 2005 1352 2094 omniaqucmsta

326 2120 379 2188 ria
395 2119 570 2211 capiebat,
589 2142 688 2214 posse
702 2119 793 2211 ipsos
808 2133 842 2186 et
857 2120 1011 2212 vincere,
1032 2143 1132 2213 posse
1147 2136 1231 2188 certe
1244 2117 1350 2184 inuictus

326 2236 467 2320 reverti,
480 2250 515 2303 et
527 2232 695 2302 beneficio
709 2232 774 2300 loci
783 2225 810 2318 ⁵,
829 2248 898 2301 tum
912 2233 1003 2302 iilam
1019 2236 1217 2303 sententiam
1230 2231 1276 2302 :Si
1287 2225 1348 2296 nihii

325 2350 434 2435 aliud,
455 2351 582 2419 crimus
602 2367 694 2419 certe
715 2349 797 2418 belli
820 2374 927 2418 mora.

319 2560 452 2614 immanes.
469 2556 560 2627 Qualis
578 2556 623 2610 itte
640 2557 751 2630 proiecto
766 2591 773 2618 ,
786 2553 832 2625 qui
880 2550 969 2626 optimi
980 2553 1082 2620 seculi)
1094 2572 1174 2624 quum
1182 2568 1263 2622 genere
1271 2564 1351 2602 conseo·

319 2639 432 2710 sequitur
445 2655 451 2690 :
466 2646 536 2690 totus
557 2635 668 2690 Xerxes
685 2653 758 2688 meus
774 2636 832 2685 erit.
880 2633 960 2684 tione.
974 2631 1075 2687 Sebuit.
1336 2698 1341 2710 .

355 2735 377 2769 t.
390 2715 469 2769 otim.
485 2715 534 2787 ing.
545 2724 633 2766 contra
646 2714 739 2767 coeium
746 2721 830 2764 nstra.
914 2711 1197 2781 &Dignissimiailee
1203 2705 1351 2771 suntiilartss'

317 2796 402 2850 Unius
420 2808 464 2848 aut
475 2795 585 2847 duaruin
598 2792 739 2845 litterarum
757 2789 832 2845 otidi-
880 2789 927 2843 bus
943 2791 1063 2844 Schottus
1083 2789 1168 2844 libello
1185 2777 1352 2866 declamanti

316 2874 386 2926 tione
396 2870 573 2926 emendabitur
584 2869 624 2922 bic
637 2869 715 2922 locus.
727 2868 831 2920 Rectior
881 2867 1058 2922 Menestam
1072 2867 1223 2922 Rhetoribus
1235 2863 1261 2916 ds
1270 2863 1351 2942 Statuup

317 2950 386 3002 enim
404 2951 452 3001 erit
469 2949 492 3000 ai
512 2948 644 3020 legamus,
663 2947 753 2999 Ponat
766 2964 831 2998 sane
880 2945 928 3000 boe
946 2947 1049 3018 exponit
1061 2945 1189 3000 historiam
1201 2961 1207 2997 t
1217 2941 1245 2994 tis
1254 2955 1294 3010 quo
1303 2928 1351 2986 sibl

316 3039 405 3083 contra
419 3030 512 3080 coeium
522 3037 629 3082 castra,
644 3026 830 3077 commilitones
879 3035 997 3094 praeterea
1007 3024 1126 3097 reperias.
1137 3023 1230 3076 Scisti.

317 3107 400 3160 buben
411 3105 495 3170 Deos,
508 3102 550 3156 vci
560 3103 659 3155 bahem
668 3101 750 3154 Deos.
764 3102 830 3154 Xer-
913 3105 936 3167 4.
944 3102 1091 3173 Nunquam
1103 3103 1158 3154 uidi
1163 3097 1346 3174 plurumi&-

317 3206 359 3240 xes
378 3183 447 3238 cuim
464 3181 651 3256 sagittariorum
665 3177 831 3232 multitudine
880 3182 919 3233 lta
930 3179 1007 3234 scribi
1022 3180 1076 3233 vuit
1092 3176 1245 3240 Gronovius,
1256 3181 1348 3238 sique*

319 3263 377 3316 Diis
389 3259 622 3322 hsliumindixisss,
631 3259 773 3328 celumque
783 3257 830 3309 ub·
880 3258 986 3332 gnificat
1009 3276 1016 3310 ε
1036 3271 1090 3312 tan
1111 3257 1222 3329 exiguum
1247 3257 1346 3333 numam!

316 3341 409 3393 audisso
425 3341 493 3391 risus
509 3349 552 3390 sst.
575 3339 645 3390 inira
668 3337 829 3390 Contruvsrs.
879 3348 932 3392 tam
946 3355 1040 3410 magno
1059 3335 1157 3390 robore.
1173 3331 1218 3387 ssd
1236 3337 1345 3415 carew·

316 3419 360 3484 V,
378 3419 451 3470 «Ista
469 3416 580 3489 trophos
601 3434 653 3468 nou
672 3427 731 3468 sunt
747 3416 829 3468 Athe·
880 3413 1131 3484 inquit,seutsntiam
1144 3408 1346 3486 nosteriuepitsslff‘

317 3495 469 3558 niensium,
493 3496 607 3548 Duorum
630 3505 698 3546 sunt.
725 3494 830 3548 illorum
879 3492 1132 3568 expressio-Legit
1151 3505 1229 3544 autent
1248 3478 1348 3537 Sebuinu-

316 3573 412 3630 beliutn
429 3573 494 3638 suit,
519 3571 576 3625 illos
590 3573 682 3624 Xerses
701 3569 832 3635 vinculis,
879 3569 934 3641 gius
956 3589 964 3624 t
983 3572 1022 3622 ud
1046 3570 1226 3637 Themsopyias
1247 3565 1346 3623 ott-*W

319 3654 378 3708 illua
392 3651 489 3724 sagittis
501 3650 702 3723 persequebatur.
712 3673 725 3697 n
739 3650 773 3702 Ν.
788 3649 823 3702 F.
878 3649 937 3699 vidi
943 3651 1165 3714 piuristrecentos.
1182 3628 1348 3726 Scilicstt'sffl'

355 3753 378 3784 a.
398 3728 582 3784 Decentissimi
599 3732 700 3796 generis
722 3732 833 3782 stultam
879 3725 989 3796 mopylas
1007 3739 1081 3779 uatus
1098 3738 1150 3778 eras
1167 3729 1269 3774 trecentis
1283 3710 1348 3762 imi?

320 3812 482 3863 sententiam·
502 3807 566 3860 Haec
586 3805 716 3877 quomodo
734 3824 834 3859 tonus·
882 3803 927 3856 ubi
941 3805 979 3858 illi
995 3824 1047 3859 esse
1060 3806 1151 3858 invicta
1162 3805 1250 3873 poterat
1265 3799 1347 3841 ΜΝ·

322 3887 412 3950 uiant,
429 3885 641 3954 commodumque
656 3881 755 3938 efficere
767 3903 834 3955 pos·
883 3894 907 3934 st
920 3882 1002 3955 magis
1014 3882 1104 3945 etiam,
1117 3896 1189 3950 quarn
1205 3874 1225 3926 si
1241 3869 1311 3950 pium¹
1320 3875 1347 3909 ‘⁸'

322 3965 373 4018 sint
383 3985 500 4029 sonsum,
515 3976 615 4036 apparet
627 3983 656 4016 ex
668 3961 707 4016 his
726 3962 832 4034 Dialugi
883 3975 1063 4025 stutuurueru,
1071 3957 1182 4030 quumita
1190 3951 1346 4024 angussss'm‘

325 4043 356 4095 ds
369 4043 439 4094 Orat.
451 4063 504 4112 cap.
523 4045 561 4094 25.
579 4042 632 4094 Nec
651 4043 741 4114 refert,
761 4043 833 4106 qnod
882 4041 1059 4112 Thermopyla
1071 4039 1164 4092 tierent.

325 4122 392 4172 inter
413 4139 439 4170 se
459 4123 539 4189 specie
558 4120 684 4192 disserunt
703 4121 832 4187 (oratores
916 4121 938 4170 5.
951 4118 988 4171 Et
996 4115 1112 4188 benficia
1120 4116 1173 4168 iuri.
1184 4109 1258 4177 Quum
1267 4109 1345 4153 trust·
