2874 4808
315 445 755 516 CONTROVERSIARUM
778 447 860 514 ΠΒ.
887 448 926 513 V.
1098 449 1162 540 407

80 591 157 644 rata
168 590 265 652 erat,
286 573 355 666 aed·
367 577 507 666 prava¹.
526 573 645 662 Itaque
659 596 729 641 nnn
743 573 912 644 inurbane
924 575 1068 644 Pacatus
1081 573 1167 643 rhe-

80 709 148 774 tor,
165 715 274 783 qnam
289 690 341 758 illi
354 689 513 760 Maeailiae
524 711 624 758 mane
638 691 864 774 occurrisset,
882 691 1053 761 schemate
1068 690 1166 762 illum

81 807 256 874 salutavit.
275 807 452 885 Poteram,
470 804 605 895 inquit,
622 801 740 874 dicere
757 829 766 872 t
783 805 881 890 Ave,
897 804 999 874 Osee.
1020 806 1098 899 Ipse
1120 805 1166 874 ab

82 924 282 1016 eloquentia
299 921 443 990 multum
456 919 592 1002 aberat,
608 936 709 990 natue
721 919 765 989 ad
780 921 1001 1001 contumeliae
1014 923 1166 992 omnium

82 1039 233 1132 ingeniis
257 1035 456 1104 inurendos.
482 1035 577 1104 Nulli
603 1059 671 1105 non
694 1037 865 1130 impressit
892 1037 1045 1130 aliquid,
1074 1039 1167 1132 quod

82 1155 237 1248 effugere
258 1177 329 1222 non
348 1169 473 1246 posset.
493 1150 557 1220 Ille
573 1153 755 1243 Paaoieno,
772 1154 883 1246 prima
897 1156 972 1248 ejus
985 1154 1115 1248 syllaba
1128 1158 1166 1224 in

81 1272 241 1340 Grteenm
263 1271 425 1352 mutata²,
447 1266 641 1336 oboooenum
655 1291 779 1336 nomen
793 1270 974 1362 imposuit,
994 1268 1165 1340 declama·

81 1389 149 1456 tori
168 1385 310 1473 subtili,
331 1384 393 1454 aed
416 1381 526 1451 arido.
552 1382 614 1452 Ille
636 1385 762 1480 Sparso
783 1385 890 1471 dixit,
906 1386 1056 1457 scholam
1070 1411 1166 1457 com-

82 1525 222 1572 munem
246 1524 323 1570 enm
345 1499 482 1570 rhetore
506 1499 655 1593 quodam
677 1498 817 1573 habenti
845 1528 852 1566 ι
884 1501 940 1571 Tu
963 1516 1059 1594 potes
1080 1525 1166 1591 eoq-

83 1621 285 1690 troversiam
320 1618 540 1712 intelligere,
576 1617 637 1710 qui
666 1595 736 1686 non
768 1616 934 1712 intelligia
960 1634 993 1688 te
1024 1618 1164 1688 laterem
1201 1653 1203 1658 ·

82 1728 240 1806 lavare³i
264 1735 408 1828 Spartae
433 1749 547 1804 eutem
563 1732 700 1802 dicebat
723 1734 891 1819 valenter,
908 1734 969 1804 oed
988 1735 1087 1806 dure.
1108 1735 1166 1807 Ad

80 1855 306 1923 imitationem
320 1851 478 1921 Latronis
486 1873 522 1918 se
532 1848 704 1918 direxerat
722 1877 730 1918 ε
747 1874 815 1920 non
830 1867 942 1920 tamen
954 1875 1105 1945 unquam
1120 1855 1167 1922 oi·

80 1970 172 2038 milia
187 1969 241 2038 illi
250 1985 338 2051 erat,
351 1969 417 2037 nini
429 1990 533 2059 quum
544 1963 663 2034 eadem
673 1966 816 2036 diceret.
830 1969 995 2039 Utebatnr
1006 1971 1077 2038 onie
1088 1993 1164 2039 ver-

81 2088 154 2175 bis,
182 2087 341 2156 latronis
365 2085 558 2154 sententiis.
574 2085 660 2152 Cum
680 2088 782 2154 Baoao
796 2104 968 2156 certamen
995 2087 1046 2156 illi
1069 2087 1160 2172 fuit,

78 2229 183 2298 quem
198 2228 258 2274 voe
271 2226 408 2297 quoque
420 2201 581 2287 audistin,
599 2201 738 2271 homine
753 2202 880 2274 diserto
897 2231 905 2272 ε
921 2205 978 2273 cui
991 2203 1162 2299 demptam

78 2321 204 2402 vellen,
230 2343 331 2413 qnam
352 2318 623 2404 consectabatur,
643 2320 907 2390 amaritudinem
925 2338 961 2390 et
974 2321 1164 2390 simulatio·

79 2461 158 2507 nem
171 2438 315 2507 actionia
329 2437 498 2506 oratoriae.
514 2434 611 2505 Nihil
627 2435 856 2520 indecentius,
872 2462 974 2530 qnam
987 2436 1048 2507 ubi
1061 2439 1164 2508 acho·

78 2556 218 2626 laetieua
239 2555 371 2637 lorum,
398 2553 492 2648 qnod
511 2577 579 2622 non
600 2555 713 2637 novit,
736 2551 901 2625 imitetur.
917 2554 1081 2624 Amabam
1095 2557 1157 2624 ita·

78 2696 146 2765 que
173 2673 394 2766 Capitonem,
424 2670 522 2764 cnjna
540 2668 741 2738 declamatio
766 2687 817 2739 eat
839 2669 883 2738 de
895 2668 1030 2763 Popilio
1042 2661 1071 2756 ⁴,
1088 2668 1160 2738 haeo

78 2813 154 2882 qnae
167 2813 246 2858 meo
259 2789 399 2858 Latroni
415 2786 609 2880 eubjieitnr.
626 2787 720 2855 Bona
733 2787 802 2857 fide
816 2787 1045 2858 Scholastiena
1057 2801 1131 2855 erat
1146 2812 1155 2856 t

114 2985 135 3018 ι.
145 2963 204 3020 Sed
212 2985 307 3035 pram.
322 2965 392 3037 Ipsae
409 2961 522 3038 ligarat,
542 2963 594 3014 rive
646 2964 761 3034 ejusdem
777 2967 922 3021 Raneoneti
935 2967 985 3021 lroe
997 2967 1056 3024 loeo
1072 2981 1160 3022 notato

77 3043 278 3109 eontumelioaa,
289 3062 366 3114 quem
377 3055 493 3116 pataram
503 3040 606 3094 habere·
646 3041 765 3099 didicisse
777 3045 869 3099 lnbena
878 3044 1009 3117 profiteor.
1018 3047 1055 3102 N.
1065 3047 1163 3102 Faber.

77 3123 194 3186 hauan,
209 3122 262 3176 niai
277 3122 372 3176 malam
390 3131 518 3185 mentem,
539 3137 595 3170 ma·
679 3121 703 3177 3.
727 3123 783 3194 Qut·
802 3144 853 3177 nor
874 3125 999 3194 intelligia
1017 3133 1043 3180 te
1054 3129 1161 3180 laterem

76 3201 130 3254 lnrn
144 3199 271 3254 animam.
283 3197 365 3272 Igitur
376 3197 438 3250 hine
450 3196 526 3249 eliam
539 3215 593 3248 uon
644 3203 743 3254 lavare.
753 3201 817 3255 Haec
829 3201 926 3274 accipio
934 3202 1001 3256 dieta
1010 3201 1038 3257 in
1050 3203 1162 3258 indocile

76 3277 378 3348 tanmmeaaeqnentibna
383 3274 595 3348 calligasssamm
645 3277 714 3332 illine
725 3277 861 3351 ingenium
870 3317 878 3344 ,
888 3279 1039 3352 irritumque
1048 3279 1162 3334 tludinna

77 3356 147 3410 hune
160 3354 268 3429 ingenio
281 3355 350 3407 malo
365 3372 493 3426 pravoque
511 3349 596 3404 lubae·
645 3356 766 3410 imitandi
784 3358 940 3424 Latronem,
957 3358 1061 3431 ejntqne
1075 3376 1161 3412 exem·

76 3438 169 3506 Quare
190 3435 227 3488 ita
241 3445 269 3487 nt
289 3432 406 3502 subjicit,
428 3451 487 3485 enm
501 3431 596 3504 excepit
645 3433 717 3506 plum
729 3433 896 3508 exprimendi.
909 3433 1014 3504 Confer,
1027 3435 1160 3510 quoenb-

75 3513 191 3568 salutans
201 3513 316 3566 Paeatna.
327 3511 427 3564 Schult.
520 3571 524 3582 Ι
645 3512 701 3580 iieit
718 3511 773 3580 ipsa
789 3511 964 3567 senecatlisi
977 3513 1041 3568 illne
1059 3535 1161 3588 qnoque

109 3589 288 3661 asyuabain
296 3589 418 3644 Graecum
428 3589 597 3644 mutataNe-
645 3604 803 3664 respectum,
829 3590 899 3663 quod
921 3592 1013 3646 l'rnetra
1035 3591 1161 3646 laboraret

75 3691 120 3726 mn
133 3687 190 3722 non
202 3669 235 3722 ad
249 3669 319 3722 hune
329 3669 416 3722 locum
434 3667 531 3739 aliquid
549 3687 595 3721 eo·
645 3687 759 3741 quaerere
769 3667 818 3722 ribi
826 3669 920 3738 vitam,
933 3669 1050 3741 quamvis
1062 3671 1161 3724 coiitaet

76 3763 153 3804 natue
169 3761 215 3804 eat.
225 3748 348 3802 AEmarna
360 3749 537 3809 Raneonetut,
553 3747 594 3798 rir
644 3748 799 3810 aoeietatem,
808 3745 910 3818 alioque
918 3747 970 3818 iarn
979 3767 1038 3802 cnm
1047 3747 1160 3802 Rhetore

76 3825 224 3882 exeellentia
234 3823 334 3898 ingenii
342 3837 366 3877 et
377 3822 466 3895 judieii
472 3861 481 3887 ,
492 3822 594 3897 legebat
643 3842 808 3880 communem
824 3823 927 3878 haberet
944 3825 1087 3892 Scholam,
1107 3846 1159 3898 qno

78 3904 163 3976 prima
175 3902 229 3974 ejus
241 3899 339 3976 ayllelra
350 3901 377 3952 in
393 3899 466 3954 Gms
478 3911 586 3967 mutata,
643 3902 754 3956 duorum
765 3901 907 3966 institutio,
918 3923 969 3967 ara,
982 3902 1087 3957 scientia
1099 3904 1159 3983 pln-

78 4000 172 4053 nempe
182 3975 589 4034 ntPaaaienanraatiennmro-
640 3999 680 4032 rea
692 3979 824 4032 allicerent
835 3978 981 4052 discipulos.
994 3979 1092 4034 Schola

77 4071 164 4126 earet,
178 4058 252 4114 velat
262 4057 486 4129 hirooanrntqnod
496 4077 527 4111 ex
538 4058 592 4112 ela-
673 4058 698 4124 lp
709 4057 879 4111 Declamatio
892 4068 932 4111 est
947 4060 980 4112 de
989 4057 1103 4127 Popilio.
1123 4057 1156 4111 In

79 4137 175 4195 dolui
185 4148 262 4208 atqua
280 4133 444 4190 esnditiaaimi
462 4134 592 4190 senatoria
644 4133 824 4190 Controveraia
834 4135 865 4188 de
877 4134 982 4208 Popilio
994 4156 1068 4211 supra
1082 4135 1159 4212 Capi-

77 4216 156 4272 Joan.
170 4216 265 4274 tuoni
284 4215 406 4272 Lavernii
426 4215 492 4270 libro
515 4234 592 4270 manu
641 4215 709 4272 tenir
729 4215 801 4271 nulla
825 4215 943 4286 mentio,
969 4215 1038 4270 ande
1055 4230 1162 4296 ¹{apparet
