2878 4816
265 421 900 556 couruovaasuauumc.11,
927 497 962 562 9.
1097 475 1161 564 175

120 599 351 668 Arcarraarus
368 620 488 665 omncs
501 598 635 690 priores
649 600 819 668 transiens
837 614 970 694 partes,
991 600 1102 690 statim
1116 601 1162 669 ad

68 713 135 784 hoc
147 717 269 797 venit,
287 711 493 782 debueritne
508 714 599 806 patri
613 737 754 807 parcre,
775 739 820 783 an
838 739 908 784 uon
927 715 1107 805 debuerit,
1128 733 1163 788 et

62 831 99 898 in
118 832 274 924 liguram
302 826 449 897 contulit
476 827 773 900 declamationem.
790 832 896 916 Volo,
922 834 1054 926 inquit,
1074 832 1163 904 alius

3 965 6 1038 ,f
59 947 177 1015 filium
202 945 362 1028 abdicet,
384 945 445 1037 qui
464 946 628 1038 petitura
647 963 747 1040 patre
765 973 937 1042 paupere,
957 951 1053 1018 utin
1075 950 1160 1019 ado-

2 1056 3 1118 l
57 1066 221 1158 ptioncm
238 1061 360 1131 divitis
377 1061 531 1131 daretur.
552 1062 666 1155 Quam
691 1063 835 1148 bonam,
861 1067 996 1158 iuquit,
1025 1091 1159 1137 caumm

57 1199 161 1275 pater
175 1179 349 1248 habebit?
360 1179 454 1246 Dicit
467 1177 545 1264 hic,
565 1176 691 1249 deinde
705 1183 840 1250 transit.
856 1183 913 1251 Sic
926 1207 1031 1276 quum
1042 1182 1160 1254 decla-

61 1310 190 1364 masset
206 1319 287 1363 cam
314 1294 596 1376 controversiam,
621 1320 696 1388 quae
708 1297 832 1364 usitata
849 1319 919 1365 nou
932 1313 1005 1365 crat
1021 1324 1030 1366 :
1046 1300 1082 1368 Si
1096 1299 1156 1367 illc

64 1413 156 1482 iilius
175 1411 306 1481 malam
324 1433 459 1479 causam
472 1409 618 1480 haberat
626 1461 638 1493 ,
659 1436 724 1506 ego
738 1412 862 1482 bonam
876 1412 987 1483 habeo
1002 1441 1011 1480 :
1027 1395 1157 1485 contu-

65 1529 105 1599 lit
115 1555 216 1600 suam
231 1553 370 1599 causam
385 1550 463 1596 cum
483 1527 556 1596 illo.
866 1507 872 1512 ⁵

113 1645 288 1716 COLOR.
303 1648 356 1714 De
370 1643 483 1713 colore
497 1645 605 1738 magis
619 1649 800 1738 quaesitum
816 1662 887 1731 est,
904 1671 950 1715 an
961 1646 1171 1720 adolescens.

71 1761 192 1829 debeat
207 1757 345 1852 aliquid
364 1760 401 1826 in
423 1756 564 1826 divitem
583 1756 699 1828 dicere
713 1791 723 1848 3
739 1759 826 1855 quid
843 1761 936 1830 enim
953 1761 1082 1832 faciet?
1099 1761 1156 1832 di·

73 1894 161 1947 ceret
177 1880 216 1946 in
231 1901 311 1945 eum
329 1875 390 1968 qui
407 1890 539 1945 tantum
557 1874 745 1961 mallabat,
767 1893 802 1946 et
822 1879 860 1946 in
873 1879 1020 1948 amicum
1036 1894 1158 1974 pater-

76 1995 177 2063 num?
189 2017 263 2062 non
281 1991 367 2060 dicit
382 1992 419 2059 in
433 2015 511 2060 cum
527 2015 630 2084 quem
645 1990 759 2086 sugit?
774 2007 809 2062 et
822 1991 875 2061 illi
887 2007 1001 2063 tamen
1015 1997 1076 2089 qui
1090 1996 1157 2064 sibi

78 2109 311 2180 abstinentiam
328 2106 561 2175 conviciorum
576 2106 845 2200 imperaverant,
872 2133 942 2178 non
960 2108 1049 2178 bene
1064 2133 1156 2204 prae-

80 2230 254 2314 stiternnt3
278 2224 393 2316 aliqua
416 2225 591 2293 sententiaa
607 2223 753 2293 dulcedo
773 2228 954 2322 surrepsit.
970 2225 1068 2296 Aridi
1087 2226 1156 2298 de-

81 2342 273 2412 clamatores
285 2338 423 2408 fidelius
437 2362 523 2431 quos
546 2356 801 2433 proposuerunt
818 2341 970 2426 colores,
988 2357 1152 2414 tuenturz

81 2457 158 2526 nihil
177 2458 270 2526 cuim
288 2479 345 2524 eos
363 2454 545 2541 sollicitat,
562 2455 694 2523 nullum
711 2456 871 2543 schema,
897 2456 991 2526 nulla
1008 2457 1155 2528 dulcedo

83 2574 247 2644 amtentiar
264 2566 446 2666 subrepit:
469 2573 610 2664 sicquae
627 2573 748 2640 malam
771 2572 892 2642 faciem
911 2573 1061 2658 habent,
1089 2601 1155 2646 sae-
1203 2589 1207 2596 '

83 2691 148 2782 pius
160 2689 296 2783 pudicae
310 2703 410 2757 sunt:
426 2712 497 2756 non
509 2689 642 2757 animus
656 2688 726 2756 illis
741 2687 850 2774 deest,
862 2687 923 2758 scd
937 2695 945 2726 ¹
959 2707 1153 2784 corruptor.

123 2807 284 2873 Frsurns
300 2807 527 2872 Puruosoruus
540 2802 606 2872 hoc
624 2805 739 2874 colore
754 2829 837 2874 usus
854 2821 924 2894 est,
942 2822 982 2874 ut
1000 2779 1153 2876 diccrcl:

81 2924 179 2992 Etiam
192 2923 221 2990 si
239 2922 461 3004 sustinerem,
478 2936 514 2991 at
528 2921 616 2989 tradi
633 2921 732 2991 diviti
746 2921 871 2991 nollem
884 2952 894 3010 3
915 2939 949 2991 et
963 2924 1000 2992 in
1016 2922 1155 2994 divitias

82 3039 173 3125 dixit,
195 3063 266 3108 non
280 3039 317 3106 in
334 3037 475 3106 divitem
498 3066 505 3105 :
528 3037 604 3107 illas
620 3061 694 3107 esse
712 3064 787 3132 quae
806 3040 1055 3135 frugalitatem,
1077 3065 1153 3136 quae

79 3158 229 3250 pietatem
249 3169 527 3250 expugnassent,
549 3179 626 3249 quac
652 3155 761 3224 malos
784 3173 919 3250 patres,
939 3159 1044 3228 malos
1064 3161 1155 3230 filios

79 3273 233 3344 lacerent.

116 3393 248 3461 Gmus
262 3389 379 3458 Vrania
394 3387 458 3458 luit
474 3405 542 3458 mm
558 3412 690 3484 magnae
709 3389 788 3458 olim
805 3389 1029 3482 eloquentia,
1049 3415 1152 3488 quam

75 3524 184 3603 postea
202 3508 359 3576 insaniae.
375 3507 465 3575 Hinc
482 3505 646 3576 accidisse
664 3508 726 3575 uni
745 3507 815 3575 scio
824 3556 836 3593 ,
864 3525 903 3576 ut
928 3510 963 3577 in
988 3510 1153 3579 insaniam

73 3649 135 3694 uon
147 3648 230 3696 casu
244 3623 437 3705 incideret,
454 3622 889 3719 sedjudicio‘perveniret3
905 3649 983 3693 nam
1001 3624 1080 3694 dum
1098 3627 1152 3696 in·
1268 3679 1272 3689 .

71 3844 114 3899 bro
135 3845 303 3918 negationem
328 3843 485 3910 contineat,
512 3856 537 3898 ct
557 3843 585 3897 in
636 3841 691 3898 «n.
704 3841 848 3897 Strabcrius
860 3843 959 3898 obsides
972 3844 1004 3897 ab
1020 3842 1152 3918 Appollo-

71 3923 203 3993 parciore
233 3920 388 3976 affimativa
411 3922 562 3977 exaudiatur
577 3941 588 3989 ,·
636 3919 746 3975 niatibua
760 3923 861 3995 erigere
873 3923 964 3995 coepit,
979 3922 1018 3977 illi
1029 3941 1089 3973 vcro
1099 3921 1152 3973 da-

72 4003 157 4076 quippe
168 4021 251 4073 quum
259 4013 370 4071 utraque
384 4000 410 4052 vi
424 4002 457 4054 sit
468 4001 586 4075 predita
634 4011 703 4054 turos
715 4019 741 4052 ac
753 4021 848 4074 negare
861 4020 868 4051 ε
884 4020 967 4072 usqua
986 4011 1070 4073 portas
1083 4019 1152 4052 con·

73 4093 186 4153 tatarum
200 4099 298 4150 rugare
309 4091 348 4132 est
365 4091 502 4152 negantem
522 4078 585 4150 quid
635 4077 684 4131 suli
698 4078 872 4150 preclusuros.
885 4098 898 4126 ³>
913 4078 1012 4132 &dulc

75 4158 155 4211 dicere.
169 4158 272 4212 Cicdc
291 4159 395 4210 lnvcnt.
416 4176 474 4230 pag.
499 4155 545 4209 128
563 4169 588 4208 ct
672 4173 694 4208 ι.
713 4155 775 4208 Non
792 4159 925 4209 animus...
944 4157 992 4208 sed
1013 4167 1156 4226 corruptor.

77 4233 465 4312 173.llincigitanmarch.
476 4233 589 4288 C.l.lll:
640 4233 695 4303 Qui
713 4233 832 4288 sollicitat
849 4246 874 4286 et
891 4235 971 4307 rapiat
992 4237 1026 4291 cd
1049 4239 1154 4292 auden*
