2874 4768
565 569 571 606 :
605 497 652 560 n.
678 491 821 558 annm
845 487 1024 556 sennen

227 693 230 699 ’
280 705 1341 754 ,ΕΞ-Μ

452 826 986 956 ’.ιιοιιιιιοιιιιιιειι
1024 861 1135 948 vn.

328 1098 542 1148 'TRECENTI
576 1097 627 1142 AB
660 1092 937 1142 IMPERATORE
970 1087 1053 1138 NON
1087 1089 1284 1138 REGBPN.

450 1267 523 1327 Lex.
540 1266 628 1326 Nocte
640 1277 734 1346 portas
747 1263 859 1345 aperire
874 1261 903 1319 in
918 1261 994 1320 belio
1006 1282 1062 1328 non
1075 1259 1169 1319 liceat.

356 1427 482 1484 iterem.
498 1423 657 1503 Imperator
672 1422 702 1482 in
716 1418 791 1478 bello
808 1439 946 1476 summam
964 1428 1127 1496 potestatem
1146 1379 1257 1475 babeat.

275 1579 389 1640 Tirsai.
412 1577 542 1637 Trecenti
553 1576 588 1633 ab
604 1575 683 1632 hoste
697 1571 853 1652 caputiari
864 1581 961 1650 pertas
970 1580 1048 1630 node
1057 1569 1338 1651 venenantsslmpem-

313 1687 358 1739 tor
369 1701 426 1740 non
441 1676 559 1758 operuit.
573 1670 649 1733 Ante
657 1683 756 1753 ponus
769 1671 855 1731 occasi
865 1681 938 1729 sum.
960 1675 1114 1750 Imperator
1122 1679 1189 1749 post
1201 1670 1336 1729 σιέωιιὶιιιι

316 1801 378 1840 κω
390 1787 433 1837 est
447 1777 524 1836 laesoe
540 1775 710 1856 napublrbcr.

324 1980 415 2049 nno
452 1951 769 2046 lirrnntrorm.¹
787 1980 861 2044 uon
891 1977 1006 2068 putavi
1039 2000 1142 2045 meos.
1172 1979 1338 2044 noveram

278 2094 403 2188 legem.
423 2095 511 2170 Cur,
542 2094 670 2184 inquit,
701 2093 843 2160 trecenti
862 2093 1061 2184 perierunt?
1078 2093 1180 2160 immo
1203 2115 1277 2172 cur,
1299 2114 1337 2158 ue

279 2214 430 2304 perirent
440 2260 452 2294 ,
470 2212 558 2301 capti
574 2225 651 2276 sunt
664 2209 683 2274 Ρ
697 2210 765 2275 Hos
782 2231 845 2300 ego
862 2207 1010 2276 interdiu
1029 2231 1098 2275 non
1114 2208 1335 2300 recepissem,

199 2387 212 2396 .
277 2329 343 2396 nisi
359 2328 503 2396 victores
520 2351 527 2391 :
543 2341 665 2404 noctu,
687 2349 731 2390 ne
750 2325 895 2390 victores
909 2319 1058 2415 quidem.
1076 2309 1269 2392 Procedens
1282 2345 1337 2415 po-

277 2445 395 2512 stridie
410 2445 446 2510 in
460 2443 632 2535 praelium,
651 2441 852 2534 pugnaturis
865 2439 997 2507 ostendi
1012 2453 1198 2525 trecentos,
1216 2440 1252 2507 in
1263 2439 1337 2532 qni·

278 2560 340 2626 bus
360 2557 491 2627 iaudari
509 2557 596 2625 nihil
610 2572 719 2650 potest
732 2570 854 2650 praeter
869 2554 1003 2646 fugem,
1024 2555 1112 2622 nibil
1129 2554 1334 2639 desiderari,

278 2690 400 2768 preater
412 2697 601 2742 numerum.
619 2673 784 2764 Fugiunt,
801 2687 839 2738 ut
851 2670 944 2763 leges
957 2669 1151 2762 relinquant
1162 2696 1170 2737 ι
1182 2669 1335 2748 redeunt,

279 2805 315 2855 nt
327 2787 456 2856 tollant.
469 2783 619 2877 Populus
632 2783 802 2851 Romanus
814 2785 999 2852 Cannensi¹
1017 2782 1133 2876 praelio
1148 2783 1186 2850 in
1200 2805 1339 2852 summas

279 2902 435 2970 redactus
447 2900 640 2990 angustias,
662 2923 767 2989 quum
779 2922 951 2966 servorum
966 2899 1175 2968 desideraret
1195 2899 1336 2974 auxilia,

279 3019 486 3110 captivorum
505 3015 706 3105 contempsit
722 3041 729 3080 ι
745 3029 780 3081 et
792 3011 938 3082 credidit
956 3039 1013 3083 eos
1031 3013 1220 3082 libertatem
1238 3015 1340 3107 magu

282 3115 369 3201 tueri
387 3154 506 3224 posse,
521 3132 586 3222 qui
607 3155 781 3224 nunquam
800 3129 1020 3216 habuissent,
1039 3153 1139 3222 quam
1154 3133 1215 3224 qui
1230 3129 1339 3224 perdi·

281 3251 421 3318 dissent.
449 3251 555 3318 Nocte
581 3248 749 3340 quomodo
772 3249 900 3316 hostem
923 3249 1099 3340 civemque
1116 3247 1339 3340 distinguam?

281 3369 392 3459 Quam
410 3365 494 3432 mibi
512 3353 609 3432 dabis
625 3379 757 3461 notam,
777 3380 815 3432 ut
832 3365 924 3432 sirms
941 3367 1166 3458 cognoscam?
1180 3363 1291 3433 Credo
1307 3365 1339 3428 in

280 3482 413 3551 insidiis
431 3469 543 3550 hostes
561 3481 681 3562 fuisse,
701 3497 739 3547 ut
756 3480 904 3548 exclusos
922 3479 1133 3560 occiderent,
1154 3503 1340 3571 sequeren-

282 3617 337 3667 tur
353 3597 527 3667 admissos.
1049 3567 1053 3600 ¹

319 3811 340 3843 ι.
359 3789 488 3862 Cannensi
504 3790 602 3856 praelio.
623 3787 666 3842 Sic
687 3789 756 3841 malo
775 3807 788 3840 e
837 3809 910 3854 mus,
925 3801 949 3842 et
965 3808 1019 3861 sup.
1031 3785 1105 3842 Deci.
1118 3809 1146 3856 r,
1161 3789 1204 3842 iib.
1222 3791 1343 3843 V.Auts·0

281 3883 388 3943 quatuor
403 3869 449 3922 iib.
465 3879 524 3921 vett
541 3887 617 3937 quam
632 3869 700 3937 qnod
711 3867 789 3939 vulgo
838 3887 899 3921 vero
910 3865 1010 3936 Regulo
1021 3865 1168 3920 admiranda
1184 3867 1285 3922 Tubero
1298 3884 1342 3918 re-

282 3953 364 4005 aditur
378 3949 602 4020 Carthaginiensi,
621 3968 649 4001 cr
661 3948 747 4000 Contr.
758 3967 787 4012 ²7
838 3945 894 4008 tert,
904 3945 970 4016 apud
982 3943 1065 4018 Agett
1075 3945 1147 3998 Nost,
1160 3943 1233 3997 nuic
1242 3944 1285 3997 lib.
1296 3942 1340 4004 vt,

281 4026 661 4095 anctoritate,ubinoscxbivio
673 4025 789 4080 deservis
839 4043 890 4094 cap.
904 4024 927 4088 4.
937 4023 1032 4076 Scitote.

197 4123 202 4132 ’
281 4106 457 4171 manumissis,
476 4105 503 4156 in
523 4105 691 4175 militiamque
708 4104 789 4156 aseri·
872 4121 894 4153 a.
911 4100 1027 4170 deffertur
1046 4103 1101 4154 tttts
1118 4104 1243 4155 mentis.
1260 4099 1340 4153 sti-it·

280 4186 328 4259 ptis
336 4203 343 4238 ι
351 4197 377 4237 ut
388 4196 411 4238 at
420 4183 452 4238 ds
460 4185 557 4238 Crasso
565 4180 684 4236 Controv.
695 4179 788 4255 odiri·
838 4201 895 4234 cnm
905 4181 1103 4236 membranaceis
1113 4201 1120 4236 ς
1131 4181 1248 4256 Irfistus
1254 4192 1342 4234 mun·
