2866 4814
265 451 708 521 eournovnnsnnuu
730 453 810 520 nm.
836 453 873 538 1,
896 453 928 520 5.
969 416 973 424 ’
1075 451 1134 518 123

109 581 295 650 DIVISIO.
325 581 368 646 In
398 578 721 648 haccontrouersia
749 579 793 648 de
817 579 1136 673 primaquaestione

65 698 145 766 nulii
163 719 247 764 cum
266 695 377 762 altero
396 697 569 764 convenit.
918 691 923 702 ’

110 818 222 882 Lamo
234 815 383 904 primum
400 813 482 880 iecit
496 813 715 904 questionem
730 837 738 878 ι
754 813 831 880 Non
845 835 942 905 posse
951 827 1134 905 raptorem,

65 929 122 1019 qui
136 927 182 995 ab
207 941 310 1019 rapte
334 927 422 992 mori
436 924 551 1017 jussus
569 941 674 1008 esset,
695 927 836 992 servari.
857 928 893 994 Si
910 926 1059 1018 legatus,
1078 927 1139 993 in-
1159 907 1169 938 ⁸

66 1045 159 1136 quit,
180 1044 278 1110 exire
297 1041 421 1122 debet,
437 1041 564 1133 peribit
580 1069 587 1109 :
604 1041 633 1109 si
646 1042 793 1110 militare
805 1041 926 1124 debet,
944 1042 1071 1136 peribit
1085 1039 1093 1110 ἑ
1109 1043 1137 1110 si

54 1153 176 1252 'legem
197 1157 316 1226 dicere
339 1155 464 1238 debet,
492 1156 621 1250 peribit
629 1171 643 1223 'z
664 1157 690 1224 si
712 1173 840 1251 raptam
867 1155 992 1228 ducere
1011 1159 1133 1243 debet,

67 1299 164 1368 eque
178 1274 322 1368 peribit.
339 1273 377 1344 si
391 1275 420 1342 is
433 1289 512 1342 ante
523 1289 557 1342 te
572 1276 755 1367 rapuisset,
775 1289 810 1344 ot
825 1279 961 1368 nuptias
976 1294 1134 1373 optasset,

68 1393 272 1486 interposito
286 1389 412 1458 deinde
423 1405 595 1485 tempore,
613 1406 796 1485 antequam
810 1393 973 1481 nuberet,
988 1394 1078 1464 hano
1090 1398 1139 1463 vi-

70 1508 207 1575 tiasset:
224 1527 370 1598 negares
379 1504 474 1572 illum
490 1501 615 1576 debere
628 1507 714 1572 mori
721 1555 732 1588 ,
752 1521 847 1598 rapta
852 1505 1020 1598 jubente?
1034 1511 1136 1600 Atqui

72 1622 158 1689 nibil
173 1622 340 1690 interest:
357 1622 424 1688 nisi
440 1620 532 1714 quod
544 1621 680 1714 dignior
699 1637 749 1690 est
766 1638 881 1715 ruptor
900 1637 1024 1705 morte,
1043 1622 1140 1714 eujus

72 1739 158 1806 inter
172 1738 260 1806 duos
278 1753 394 1830 ruptus
414 1761 458 1806 ne
475 1761 543 1805 una
555 1733 697 1829 'quidem
715 1761 781 1806 nox
809 1741 963 1806 interest.
988 1738 1024 1806 Si
1043 1755 1138 1833 rapta

75 1857 259 1949 nupsisset,
282 1851 407 1922 deinde
420 1869 497 1948 post
509 1855 646 1922 tertium
659 1853 749 1923 diem
764 1855 929 1948 rapuisset
940 1854 1062 1937 aliam,
1081 1879 1139 1922 ne-

77 1997 168 2067 ptes
184 1973 285 2042 illum
302 1973 390 2040 mori
408 1971 555 2040 debere?
565 1972 671 2063 Atqui
686 1972 770 2063 quid
786 1974 949 2041 interest?
966 1974 1031 2041 nisi
1047 1973 1139 2064 quod

77 2085 248 2158 honestius
273 2105 356 2157 tune
372 2089 530 2156 maritum
554 2086 776 2169 defenderes,
795 2111 896 2180 quam
915 2110 1007 2156 nune
1025 2104 1141 2180 rapto-

79 2232 144 2276 rem
161 2205 333 2276 defendis.
350 2205 498 2274 Alteram
519 2206 620 2292 fecit3
641 2229 685 2274 an
698 2222 812 2298 rapta,
829 2229 905 2299 quae
925 2207 1061 2299 nuptias
1079 2201 1140 2300 ‹ip-

79 2337 143 2408 tat,
157 2321 249 2390 nihii
273 2319 417 2414 amplius
433 2320 560 2413 raptori
575 2335 735 2412 praestare
748 2322 874 2412 possit,
900 2344 1000 2412 quam
1018 2343 1061 2387 ue
1080 2343 1140 2386 sua

79 2436 149 2531 iege
166 2439 309 2530 pereat¹
330 2461 339 2504 ι
358 2449 477 2503 contra
495 2433 639 2503 alienam
653 2435 763 2528 legem
777 2434 908 2503 nulium
927 2437 985 2527 jus
1001 2435 1137 2504 habeat.

78 2551 205 2644 Optasti
219 2549 357 2642 nuptias
376 2576 384 2616 ι
400 2572 469 2617 non
488 2547 662 2617 occidetur
686 2565 845 2640 tanquam
862 2565 977 2641 raptor
991 2567 1086 2634 tuus3
1105 2566 1141 2617 at

78 2667 181 2752 idem,
200 2669 231 2736 si
245 2666 363 2736 eadem
378 2683 475 2735 nocte
493 2691 560 2758 qua
578 2682 612 2735 te
631 2667 765 2760 rapuit,
783 2667 958 2734 stationem
976 2667 1138 2753 deseruit,

76 2781 159 2851 inste
172 2785 188 2816 ³
204 2780 362 2861 ferietur,
383 2782 413 2848 si
436 2780 651 2872 sacrilegium
668 2780 769 2864 fecit,
788 2777 974 2850 occidetur.
993 2779 1090 2848 Licet
1103 2800 1140 2851 tu

77 2897 188 2982 dicas,
211 2896 334 2990 Quid?
349 2919 430 2988 ergo
447 2920 510 2990 ego
525 2921 595 2965 non
607 2896 758 2967 nubam?
773 2900 828 2966 Tu
841 2899 968 2991 raptori
982 2877 1138 2992 praestas,
1208 2889 1210 2893 ⁸

74 3029 112 3082 ut
131 3012 231 3081 illum
255 3013 329 3105 ipsa
345 3021 415 3078 n'on
433 3009 593 3080 occidas:
614 3035 683 3080 non
700 3029 796 3105 potes
809 3029 989 3107 prestare,
1007 3014 1142 3106 nequis

73 3126 220 3196 occidat.
255 3125 432 3218 Quomodo
456 3125 663 3219 sacrilegus,
691 3127 844 3218 quemvis
866 3151 887 3194 a
910 3143 943 3195 te
966 3145 1140 3214 servatus,

71 3246 227 3338 periret,
256 3244 306 3310 sio
331 3242 469 3312 alterius
492 3242 614 3335 pueliae
635 3257 791 3335 raptore
813 3257 847 3310 te
873 3260 1023 3312 servatus
1046 3248 1141 3337 peri-

70 3431 174 3505 nnptiu
187 3441 260 3501 rapta
274 3437 389 3502 optasset.
406 3429 446 3481 De
463 3449 514 3500 quo
526 3449 589 3482 num
639 3451 687 3500 qne
699 3429 748 3482 bot
758 3449 832 3483 sensu
844 3435 891 3484 Iex
901 3433 990 3484 atiena
1003 3434 1145 3506 oppositum

69 3529 161 3563 verum
175 3507 222 3562 bic
236 3507 325 3561 feeerit
335 3507 458 3579 judicium
473 3507 588 3575 Cestius,
639 3517 675 3560 est
685 3507 734 3560 boo
745 3507 816 3570 loeo,
829 3521 858 3560 ut
871 3521 895 3561 et
906 3510 982 3582 paulo
997 3523 1060 3581 post.
1075 3513 1144 3566 infra

69 3591 182 3644 eninon
199 3601 239 3642 est
255 3588 369 3640 insolens
387 3585 512 3639 immerito
531 3607 590 3639 ear·
639 3584 874 3657 quoqueControv.
897 3607 922 3639 ιι
945 3606 952 3638 2
972 3591 1052 3642 «Non
1078 3593 1144 3644 nosti

69 3687 128 3740 pere
153 3666 227 3734 (rid.
256 3668 331 3722 Sues.
355 3685 386 3734 7,
410 3661 456 3716 fin.
476 3675 501 3716 et
523 3683 590 3716 con·
622 3663 814 3727 ,conditionem
832 3663 895 3738 legis
914 3679 972 3731 tuse,
990 3667 1016 3718 in
1035 3667 1144 3740 hirqui

70 3757 135 3798 trev.
146 3745 186 3811 ³)
204 3763 288 3815 quum
303 3760 360 3794 rem
378 3753 453 3815 puto,
474 3739 589 3793 dubitare
639 3743 1145 3818 potessententissbabsnt,pereunt‚ipse

71 3841 113 3874 ne
125 3823 218 3878 fateor.
230 3821 332 3876 Setutt.
639 3822 671 3874 sd
683 3821 792 3875 alienam
808 3841 835 3874 se
846 3822 930 3888 misit,
947 3823 986 3875 ieu
995 3823 1068 3876 illum
1080 3824 1147 3876 misit

106 3919 128 3955 1.
139 3903 183 3956 Ne
194 3921 248 3955 sua
256 3903 421 3971 kerpene&
430 3898 457 3950 Id
471 3911 515 3961 est,
524 3897 589 3970 iege,
639 3902 670 3952 sd
683 3921 796 3953 meam.»
809 3900 909 3954 Scbult.

73 4001 128 4050 que
138 4002 184 4057 pro
196 3983 251 4056 ipss
265 3981 337 4034 facit.
351 3978 461 4049 Quintil.
472 3978 589 4033 Decium.
672 3999 695 4032 α.
707 3979 913 4050 Fusteserietur.
921 3979 999 4033 Pons
1009 3977 1064 4031 isoee
1073 3977 1146 4030 miii-

75 4061 134 4114 tot:
143 4063 253 4116 aventu
265 4080 338 4114 nune
349 4057 382 4110 sd
391 4058 589 4130 meumlegsm.»
638 4057 697 4109 turis
711 4069 760 4120 est,
779 4055 811 4108 de
825 4076 873 4127 qua
888 4055 1022 4130 Polybium
1036 4055 1108 4116 vids,
1124 4069 1148 4106 et

74 4139 184 4195 Deciano.
204 4141 274 4195 388:
287 4139 367 4190 «Tua
385 4137 549 4201 (estimatio)
562 4137 589 4188 in
637 4134 736 4187 Livium
755 4133 799 4186 lib.
817 4133 851 4198 V,
866 4148 889 4186 ot
906 4135 941 4187 M.
953 4132 1066 4186 'l'oiiium
1079 4133 1146 4186 Phi-

75 4235 120 4270 m
137 4219 195 4294 legs
216 4232 271 4285 est,
290 4233 371 4291 quam
385 4212 523 4268 habuisti.»
537 4217 589 4266 At·-
638 4211 865 4286 lipp.111.Sctou.
