2874 4808
196 527 200 543 ·
279 493 345 585 374
604 493 652 558 M.
678 489 823 558 anun
848 487 1028 556 sannen

278 637 425 714 tyranno
444 630 593 701 tantum,
617 616 679 686 sed
701 618 790 710 patri
816 615 942 710 dignus
960 615 1146 710 parricidio
1172 620 1266 686 visus
1288 621 1356 688 es?

276 735 394 830 Quum
412 732 645 825 descripsisset
662 733 802 826 impium
819 732 855 798 in
870 748 1021 824 patrem,
1041 730 1168 824 adjecit
1189 760 1197 800 :
1214 734 1359 826 Tyran-

279 874 362 918 num
385 872 523 940 quoque
543 864 645 930 tune,
667 873 771 940 quum
789 872 902 916 amare
918 847 1084 934 deberes,
1103 847 1273 917 occidisti.

326 965 492 1035 COLOR.
514 965 698 1032 Moxrtxns
716 978 846 1056 partem
864 965 1069 1031 accusatoris
1086 963 1302 1046 declamavit,
1320 981 1358 1034 ct

278 1081 344 1150 hoc
360 1081 473 1150 colore
489 1103 571 1149 usus
584 1096 646 1148 est.
663 1079 998 1172 indulgentissimum
1016 1079 1120 1148 fuisse
1134 1081 1171 1148 in
1185 1080 1276 1149 iiiios
1290 1105 1354 1175 pa·

278 1215 364 1267 trem
386 1225 395 1264 :
416 1197 554 1266 nimiam
573 1193 734 1289 pietateni
757 1195 832 1288 ejus
849 1195 955 1264 inisse
973 1211 1086 1262 notam
1105 1210 1265 1287 tyranno.
1283 1197 1358 1266 Ita-

279 1339 347 1408 que
370 1314 487 1396 iilum,
510 1314 570 1404 qui
593 1329 762 1406 quereret
782 1311 916 1407 pudicis
933 1309 1087 1380 dolorem
1106 1336 1148 1380 ex
1168 1311 1356 1406 impudici·

280 1432 340 1516 tia,
358 1427 614 1501 contumacibus
627 1453 667 1497 ex
681 1428 856 1511 servitute,
875 1428 1026 1522 piissimo
1042 1430 1130 1521 patri
1146 1443 1354 1500 tormentum

278 1549 450 1642 quaesiisse
465 1570 505 1616 ex
521 1547 670 1614 filiorum
685 1547 878 1639 impietate3
899 1561 933 1611 et
946 1542 1080 1612 induxit
1092 1543 1188 1612 iilum
1201 1547 1358 1615 animose

280 1666 497 1759 loquentem,
518 1664 578 1754 qui
592 1665 705 1755 jussus
724 1677 775 1729 est
792 1663 887 1756 prior
906 1675 1037 1753 patrem
1052 1661 1193 1728 mdere.
1213 1661 1354 1754 Quidsi

278 1805 348 1849 non
367 1778 539 1856 cecidero,
558 1778 689 1870 inquit,
710 1777 794 1870 quid
811 1777 958 1845 facturus
974 1777 1244 1869 esitorquebis?
1261 1781 1356 1847 occi-
1418 1799 1424 1810 ·

280 1897 364 1965 desi)
380 1895 457 1990 plus
475 1894 636 1986 estquod
653 1896 817 1988 imperas,
836 1919 936 1986 quam
952 1894 1045 1986 quod
1062 1895 1215 1964 minaris.
1231 1897 1356 1966 Certa·

280 2039 359 2084 men
377 2030 450 2083 erat
466 2015 503 2081 in
522 2037 592 2082 uno
609 2013 769 2096 homine,
793 2029 905 2081 utrum
925 2013 1004 2105 plus
1020 2029 1134 2106 posset
1150 2031 1292 2098 natura,
1310 2039 1358 2084 an

277 2147 455 2223 tyrannus.
472 2127 593 2214 Caede,
613 2131 743 2221 inquit3
760 2153 828 2196 non
843 2128 933 2198 caedo
950 2155 957 2194 :
977 2128 1121 2196 verbera
1138 2157 1147 2215 ς
1164 2152 1234 2197 non
1250 2129 1354 2200 serio.

276 2247 356 2314 Haec
369 2245 473 2311 fratre
484 2241 658 2311 audiente.
670 2241 807 2311 Etiiiud
816 2241 913 2324 dixit,
929 2267 1032 2334 quum
1042 2244 1256 2336 promitteret
1266 2245 1357 2312 ami·

280 2363 394 2430 citiam
410 2377 576 2452 tyrannus
594 2386 602 2428 ι
620 2359 729 2453 Magis
747 2361 920 2451 prsemium
940 2359 1077 2427 extimui
1095 2361 1267 2451 tyrannici
1285 2361 1360 2428 im-

278 2479 367 2574 perii
396 2503 496 2571 quam
518 2478 714 2570 imperium.
734 2479 775 2546 Et
799 2459 902 2567 quum
923 2475 1158 2569 descripsisset
1177 2477 1360 2548 cicatrices

278 2595 401 2688 pulsati
420 2595 526 2688 patris
545 2621 552 2660 :
569 2597 612 2660 Et
625 2593 732 2662 forma
746 2608 798 2660 est
809 2591 923 2660 adhuc
935 2593 1055 2678 faciei,
1076 2591 1176 2674 dixit,
1195 2592 1240 2660 ab
1254 2609 1359 2662 ntro-

277 2735 345 2802 que
366 2735 488 2790 caesum
510 2725 620 2804 putes.
650 2711 833 2778 Montanus
856 2726 967 2776 tamen
984 2709 1131 2792 aiehsr‘,
1150 2708 1239 2776 nihii
1254 2733 1359 2802 posse

276 2827 396 2895 melius
415 2827 496 2894 dici.
518 2829 566 2892 Ex
585 2823 650 2891 hac
670 2840 767 2916 parte
785 2842 949 2918 tyrannus
962 2823 1082 2917 jubet,
1108 2848 1146 2892 ex
1166 2824 1275 2894 alters
1299 2825 1357 2895 lex

275 2959 390 3030 vetat;
410 2942 587 3024 morieris,
608 2943 644 3008 ni
663 2939 830 3009 cecideris
848 2969 856 3008 :
873 2964 1029 3025 morere,
1049 2963 1093 3022 ne
1107 2940 1228 3010 caedn.

324 3059 459 3126 Casrxns
482 3056 566 3125 dixit
585 3059 793 3149 :Tyrannus
816 3059 982 3150 imperat,
1008 3073 1047 3124 ut
1066 3072 1195 3150 patrem
1218 3058 1355 3146 caedas3

275 3199 343 3242 non
363 3189 414 3242 est
431 3197 556 3242 novum
577 3201 585 3240 :
603 3174 740 3241 noluisti
763 3175 888 3242 facere.
911 3173 1143 3241 Laudaturum
1159 3198 1213 3241 me
1229 3175 1360 3266 putus?

275 3314 440 3384 egerere
459 3289 665 3376 conlaudo,
685 3289 825 3358 alterius
844 3289 905 3356 ista
925 3288 1032 3379 gioria
1054 3305 1122 3376 est3
1150 3303 1186 3358 tu
1212 3289 1356 3359 fratrem

275 3409 426 3474 imitatus
445 3430 494 3474 es.

320 3501 550 3590 sacerrimus
564 3520 666 3589 dixit:
679 3525 733 3588 Tu
747 3537 877 3614 patrem
890 3521 1058 3608 cecidisti,
1072 3545 1176 3614 quum
1192 3537 1228 3590 et
1242 3522 1354 3615 legem

274 3659 406 3719 nosses,
430 3655 464 3706 et
482 3638 637 3706 fratrem.

208 3771 213 3781 ·
321 3757 504 3822 Moxrsnus
516 3755 603 3822 dixit
618 3782 625 3821 :
639 3753 815 3822 Parricida
829 3777 901 3823 esse
916 3755 1051 3824 voluisti
1071 3782 1079 3823 ι
1095 3756 1230 3824 vioissti
1244 3759 1359 3849 patris

274 3895 416 3965 corpus,
438 3871 553 3940 fratris
570 3871 789 3938 beneficium.
809 3869 862 3938 Ab
874 3870 999 3954 altera,
1020 3869 1087 3939 hoc
1104 3870 1220 3940 coiere
1234 3895 1357 3942 ornnes

273 3990 524 4074 declamarunt,
546 4003 706 4079 tanquam
725 4002 823 4079 patre
839 3985 985 4077 jubente
1001 3987 1149 4057 fecisset.
1213 4027 1217 4037 ·

310 4183 787 4253 r.Mootsnnstamenoiebat.Quam·
835 4181 980 4234 Montanus
996 4192 1085 4235 tamen
1101 4181 1205 4242 aiebat,
1227 4181 1297 4234 nibil
1308 4179 1357 4232 doc

276 4261 312 4314 xis
335 4261 381 4314 ists
411 4261 585 4328 pulcherrirna.
616 4263 681 4331 Lege
706 4277 785 4313 vero:
833 4257 1359 4326 posscmelinsdsititd'xdacmrtmic·
